4690 5850
1107 689 1138 747 il

426 899 562 965 Caesura
585 902 913 990 semiquinaria

479 1007 511 1090 a)
535 1028 603 1073 cum
628 1006 924 1091 semiseptenaria
947 1009 1062 1074 sexies:

533 1117 598 1193 tea
624 1116 679 1176 καί
702 1113 764 1199 (κε)
788 1115 877 1178 θεῶν
902 1113 989 1186 ἰδίας
1012 1111 1151 1198 ἔγραφον
1175 1111 1227 1177 καὶ
1253 1106 1376 1194 σώματ’
1398 1107 1533 1175 ἐποίουν

578 1223 626 1284 li.
653 1221 727 1301 aaa
764 1227 905 1300 aaran

476 1331 508 1407 ll)
535 1349 603 1392 curn
627 1327 789 1394 hueeliea
813 1329 935 1392 sexies:

534 1436 592 1511 15,1
621 1428 699 1496 ἄλλ’
723 1433 751 1497 ei
775 1442 885 1516 χεῖρας
908 1431 983 1514 ἕχον
1005 1430 1081 1516 βόες
1105 1431 1218 1520 (ἵπποι
1240 1429 1280 1518 a')
1304 1428 1346 1519 ἠὲ
1370 1433 1496 1504 λέοντος

576 1543 646 1621 15,ο,
676 1543 749 1618 22,a
764 1565 784 1608 4.
809 1542 861 1606 29.
886 1544 960 1616 aen.

942 1648 1034 1732 Apud
1061 1647 1284 1732 Empedoclem

864 1774 995 1818 caesura
1018 1755 1179 1818 trochaica
1201 1755 1359 1818 invenitur

474 1863 509 1943 a)
534 1882 601 1924 eum
627 1861 771 1925 bucolica
795 1863 915 1924 centies
939 1862 1046 1926 tricies

474 1967 508 2052 b)
533 1989 601 2033 curn
626 1969 885 2052 semiseptenaria
908 1970 1029 2032 centies
1053 1969 1153 2032 octies

475 2077 505 2159 e)
530 2097 599 2140 eum
623 2076 874 2140 seminovenaria
898 2087 1010 2157 quater
1033 2085 1066 2140 et
1089 2076 1188 2140 vicies

475 2183 508 2264 d)
532 2203 602 2247 oum
627 2203 709 2247 caes.
736 2183 835 2246 trech.
863 2183 903 2247 V.
929 2184 1000 2267 ped.
1027 2181 1176 2246 undecies

867 2310 998 2354 caesura
1022 2299 1126 2354 autem
1150 2289 1372 2372 semiquinaria

473 2396 506 2480 a)
531 2417 599 2460 curn
622 2398 881 2481 semiseptenaria
905 2397 1057 2480 nonagies
1081 2408 1193 2479 quater

474 2503 508 2586 b)
532 2524 601 2566 curn
624 2504 768 2568 bucolica
791 2504 1087 2587 duodequadragies

474 2607 505 2693 c)
530 2631 598 2674 eum
623 2611 722 2676 trech.
751 2611 789 2675 V.
815 2611 886 2694 ped.
913 2620 962 2674 ter

474 2715 508 2800 d)
533 2737 601 2781 curn
625 2718 875 2782 seminovenaria
898 2718 1005 2782 semel.

419 2823 513 2888 Haud
535 2845 607 2888 raro
631 2837 664 2888 et
679 2825 940 2908 semiseptenaria
963 2833 995 2887 et
1018 2824 1267 2888 seminereuaria
1282 2822 1335 2887 vel
1358 2823 1458 2887 trech.
1477 2821 1517 2887 V.
1535 2821 1628 2907 pedis
1651 2821 1861 2902 inveniuntur,
1886 2823 1971 2906 apud

258 2930 484 3014 Xenophanem
514 2931 560 2993 17.
586 2937 702 3009 30,ι.ο;
730 2931 814 3012 apud
837 2931 1060 3015 Empedoclem
1084 2931 1248 3014 permultis
1272 2930 1360 2994 locis

419 3035 536 3115 Quodsi
568 3057 677 3101 versus
706 3047 794 3100 earet
822 3058 952 3101 caesura
980 3039 1066 3102 tertii
1095 3038 1195 3122 pedis,
1230 3037 1312 3120 quod
1344 3037 1445 3100 rarius
1473 3035 1601 3114 accidit,
1635 3036 1895 3120 semiseptenaria
1917 3036 1971 3099 vel

259 3145 403 3208 bucolica
421 3144 605 3229 principalis
622 3165 771 3208 caesurae
787 3144 888 3208 locum
901 3145 1025 3209 obtinet
1036 3145 1247 3208 antecedente
1263 3164 1393 3208 caesura
1409 3143 1513 3224 aliqua
1526 3143 1616 3227 pedis
1628 3143 1768 3223 alterius,
1786 3142 1968 3226 plerumque

260 3252 487 3332 semiteruaria,
516 3253 599 3314 uude
624 3271 732 3315 versus
760 3253 793 3314 in
821 3261 886 3316 tres
914 3272 1015 3336 paene
1043 3251 1226 3333 aequabiles
1254 3259 1361 3335 partes
1389 3250 1551 3324 dividitur,
1584 3250 1676 3331 quale
1699 3271 1842 3314 versuum
1871 3270 1973 3334 genus

258 3358 341 3441 apud
364 3359 589 3440 Xenophanem
613 3358 649 3422 ir.
669 3365 710 3423 24
735 3359 893 3422 invenitur
913 3341 1012 3428 calice
1035 3354 1100 3442 ὁρᾷ
1121 3406 1130 3436 ,
1153 3341 1250 3428 οὖλος
1274 3352 1309 3419 δὲ
1330 3364 1403 3420 νοεῖ
1423 3406 1432 3436 ,
1457 3340 1556 3428 οὖλος
1579 3352 1615 3418 δὲ
1637 3353 1664 3418 τ’
1688 3351 1811 3436 ἀκούει,
1842 3359 1875 3420 in
1906 3378 1969 3440 quo

262 3485 354 3527 versu
379 3485 509 3528 caesura
531 3485 685 3529 unacum
709 3466 886 3529 sententiae
910 3465 971 3528 line
995 3465 1212 3528 intercedente
1237 3465 1407 3548 tripartitio
1430 3465 1485 3528 illa
1509 3465 1676 3529 dilucidius
1700 3465 1910 3547 cognoscitur.

1009 3587 1056 3654 Of.
1082 3598 1116 3651 ct
1138 3595 1212 3668 32,a

419 3695 630 3780 Empedocles
650 3715 810 3760 caesuram
828 3696 1067 3760 semitrinariam
1085 3717 1153 3759 curn
1170 3696 1430 3779 semiseptenaria
1446 3696 1559 3776 sexies,
1586 3716 1746 3760 caesuram
1763 3697 1855 3781 primi
1878 3697 1970 3781 pedis

258 3823 325 3866 eum
350 3803 459 3866 eadem
485 3803 534 3867 his
557 3804 760 3869 consociavit.

417 3909 530 3992 Neque
554 3911 685 3974 veroin
709 3911 792 3974 omni
816 3911 876 3974 hac
900 3911 1135 3995 computatione
1159 3911 1190 3972 id
1215 3911 1528 3993 praetermittendum
1554 3918 1612 3989 est,
1643 3909 1726 3990 quod
1750 3911 1782 3973 in
1806 3911 1969 3994 permultis

259 4016 402 4080 versibus
425 4018 649 4101 empedocleis,
674 4019 727 4081 ubi
744 4037 904 4081 caesuram
921 4019 1209 4100 semiseptenariam
1226 4017 1400 4096 statuimus,
1425 4017 1505 4081 haec
1528 4016 1608 4080 latet
1630 4017 1662 4079 in
1681 4018 1778 4080 uerbo
1795 4018 1970 4102 composito

258 4135 292 4184 ut
315 4124 450 4207 exempli
478 4126 580 4205 gratia
610 4132 651 4189 32
676 4119 766 4198 ιῖξεος
796 4121 825 4185 δ’
849 4120 883 4198 ἐξ
905 4116 1006 4186 Ἀΐδαο
1037 4126 1286 4206 καταφθιμένου
1316 4131 1412 4204 pierre
1437 4119 1564 4204 ἀνδρός,
1593 4125 1668 4187 item
1696 4124 1728 4186 in
1758 4125 1901 4189 versibus
1925 4131 1968 4188 38

256 4225 453 4313 (dialectics)
477 4238 530 4295 47.
560 4238 612 4296 94.
639 4240 711 4296 103.
739 4239 812 4296 108.
839 4239 912 4296 109.
941 4238 1013 4296 112.
1043 4238 1112 4295 114.
1146 4237 1219 4295 158.
1253 4239 1327 4296 160.
1361 4238 1433 4296 163.
1468 4237 1541 4295 183.
1574 4239 1645 4295 188.
1680 4238 1753 4296 197.
1785 4238 1858 4296 229.
1892 4238 1967 4296 234.

259 4343 334 4401 241.
360 4342 435 4400 250.
461 4343 535 4401 262.
561 4343 635 4402 277.
661 4345 736 4403 205.
761 4346 835 4403 296.
861 4345 936 4402 307.
962 4345 1036 4402 319.
1061 4344 1135 4402 365.
1160 4345 1234 4402 391.
1258 4346 1333 4403 396.
1358 4344 1433 4402 398.
1452 4343 1527 4402 402.
1546 4343 1620 4402 422.
1639 4345 1714 4402 438.
1733 4345 1796 4402 448
1821 4339 1872 4401 vel
1894 4345 1969 4422 posi

256 4445 522 4528 praepositionem
541 4444 674 4525 aliquam
693 4446 861 4509 statuenda
876 4457 934 4524 est,
952 4455 986 4508 ut
1002 4452 1065 4509 237
1086 4439 1154 4528 (ἐπὶ
1172 4443 1396 4528 ξστιβαροῖσι),
1413 4452 1474 4510 251
1493 4442 1582 4530 (περὶ
1622 4441 1775 4528 ῥηγμῖνα),
1793 4446 1863 4510 aliis
1878 4446 1967 4512 loeis.

419 4549 579 4634 Persaepe
608 4553 737 4636 insuper
765 4551 892 4628 accidit,
926 4563 959 4615 ut
984 4551 1192 4636 Empedocles
1225 4563 1258 4614 et
1286 4571 1445 4615 caesuram
1474 4552 1665 4616 trochaicam
1695 4552 1782 4615 tertii
1811 4552 1903 4637 pedis
1933 4563 1967 4617 et

257 4657 508 4738 semiquinariam
533 4658 731 4722 consociaret
761 4679 823 4722 nun
853 4659 953 4721 solum
982 4679 1049 4722 enm
1078 4657 1346 4742 semiseptenaria,
1378 4659 1434 4722 sed
1465 4659 1559 4722 etiam
1589 4679 1657 4722 cum
1685 4659 1830 4723 bucolica
1859 4660 1904 4724 ita
1932 4669 1968 4723 ut

260 4763 396 4826 dubitari
413 4766 524 4848 possit,
548 4766 627 4828 haec
651 4787 691 4828 an
714 4763 770 4828 illa
785 4765 923 4828 vicariae
940 4785 1090 4828 caesurae
1106 4785 1233 4828 munere
1250 4764 1406 4848 iungatur,
1431 4765 1617 4849 praesertim
1635 4766 1662 4828 si
1678 4764 1865 4830 vocabulum
1882 4767 1966 4849 quod

258 4888 387 4933 caesura
415 4871 674 4957 semiseptenaria
701 4872 912 4954 subsequitur,
944 4891 1012 4935 cum
1042 4872 1220 4952 insequenti
1251 4883 1320 4936 arte
1351 4872 1509 4945 cohaeret,
1534 4872 1622 4936 velut
1653 4880 1691 4938 51
1725 4866 1788 4935 oria
1816 4867 1858 4934 ἀό
1881 4868 1966 4958 deniq

256 4974 387 5039 τοιαῦτα
411 4975 513 5061 σοφὸς
532 4979 631 5062 ppeo'l
647 4977 653 5057 ξ
667 4973 891 5058 μαντεύσαιτο.
927 4979 1045 5042 Verum
1062 4979 1207 5060 quoniam
1224 4979 1386 5043 bucolioae
1403 4999 1552 5044 caesurae
1577 5001 1668 5062 quam
1682 4990 1797 5045 vocant
1812 4981 1967 5045 immerito

256 5081 316 5146 hoc
340 5101 453 5147 nomen
476 5085 684 5164 adiudicatur,
708 5087 741 5148 in
764 5099 826 5149 tam
851 5085 946 5148 dubia
968 5106 1003 5148 re
1027 5105 1188 5150 caesuram
1212 5085 1501 5171 semiseptenariam
1525 5093 1664 5152 statuere
1689 5086 1849 5154 malumus,
