4690 5850
1194 571 1235 634 14

1081 781 1236 959 cap.
1284 784 1351 925 V.

411 1018 537 1102 Utra
564 1037 775 1101 caesura
801 1016 946 1120 pedis
974 1015 1113 1100 tertii
1141 1035 1173 1098 a
1201 1013 1365 1117 poetis
1393 1013 1628 1116 elegiacis
1656 1015 1906 1117 usurpata
1933 1017 2012 1100 sit.

517 1231 592 1296 Cum
615 1232 647 1295 in
672 1232 861 1296 carminibus
884 1232 1049 1296 homericis
1080 1251 1211 1295 caesura
1240 1231 1325 1294 tertii
1353 1230 1444 1314 pedis
1479 1230 1640 1294 trochaica
1676 1231 1792 1296 totiens
1824 1230 1890 1295 lere
1924 1233 2074 1296 adhibita

357 1340 399 1404 sit
422 1340 566 1422 quotiens
590 1339 822 1421 semiquinaria,
847 1361 866 1402 a
888 1340 992 1423 poetis
1015 1338 1168 1421 elegiacis
1193 1337 1284 1402 initio
1308 1336 1434 1419 quidem
1457 1337 1512 1400 illa
1537 1337 1609 1401 huic
1638 1338 1782 1422 praelata
1805 1349 1864 1402 est.
1911 1339 2083 1402 Paulatim·

357 1455 461 1512 autem
486 1447 666 1510 trochaicae
695 1465 845 1510 caesurae
868 1446 916 1510 vis
944 1445 1161 1525 decrescebat,
1198 1447 1300 1508 donec
1337 1444 1421 1530 apud
1445 1442 1671 1528 Xenophanem
1696 1445 1853 1510 masculae
1877 1446 1926 1510 rel
1952 1447 2076 1510 cedere

358 1575 426 1618 eam
451 1553 601 1618 ridemus

517 1659 607 1724 Haeo
630 1669 733 1724 autem
757 1659 865 1724 tabula
889 1659 1162 1724 commutationem
1187 1658 1272 1722 illam
1296 1659 1415 1742 optime
1440 1657 1643 1722 demonstrat.

517 3027 719 3093 Mimnermus

519 3242 614 3308 Solon

518 3455 730 3540 Xenophanes

475 4309 545 4390 De
573 4308 945 4392 consociatione
973 4329 1302 4393 caesurarum
1330 4332 1461 4414 quae
1489 4312 1544 4395 in
1572 4313 1748 4415 elegiis
1777 4314 1953 4398 exstat.

522 4523 631 4586 Podtis
655 4523 825 4606 elegorum,
854 4525 907 4606 qni
931 4524 1056 4589 suerunt
1076 4532 1150 4589 ante
1173 4525 1410 4610 Xenophanem,
1437 4537 1572 4612 excepto
1595 4549 1656 4592 uno
1681 4529 1874 4610 hlimnermo,
1904 4531 1935 4594 in
1960 4532 2069 4616 primis

359 4648 428 4691 eam
464 4630 728 4694 consociationem
757 4651 954 4695 caesurarum
983 4632 1146 4716 probatam
1180 4633 1274 4696 fuisse
1302 4653 1364 4716 qua
1391 4634 1582 4699 trochaicam
1609 4637 1695 4699 tertii
1727 4638 1819 4721 pedis
1848 4639 1899 4702 vel
1927 4640 2081 4722 semiqui-

359 4735 478 4798 nariam
502 4757 570 4800 cum
594 4737 739 4800 bucolica
763 4738 990 4821 coniungerent
1015 4740 1075 4803 etsi
1098 4739 1226 4823 Langen
1249 4741 1310 4804 iam
1338 4741 1575 4822 demonstrarit,
1610 4752 1713 4808 tamen
1741 4744 1781 4807 ad
1808 4765 1874 4810 rem
1902 4747 2071 4811 dilucidius

358 4843 608 4925 cognoscendam
634 4844 769 4908 tahnlam
794 4845 923 4926 subieci,
948 4848 1085 4928 quaein
1110 4848 1296 4928 quibusdam
1320 4849 1415 4912 rebus
1439 4871 1457 4912 a
1480 4849 1630 4932 Langeno
1654 4849 1800 4916 dissentit

2274 1289 2283 1566 l
