4690 5850
1017 685 1176 778 -1-3—

993 886 1129 1066 cap
1177 892 1258 1033 lll.

570 1121 641 1202 De
669 1121 862 1242 regulis
891 1123 956 1206 ab
985 1122 1346 1206 Alexandrinis
1375 1123 1669 1208 observatis.

429 1282 499 1348 Jam
517 1283 629 1365 siquis
646 1292 786 1364 quaerat,
812 1305 883 1347 num
899 1285 1025 1366 regulas
1048 1285 1186 1368 aperitis
1202 1284 1427 1348 Alexandrinis
1442 1286 1637 1364 observatas,
1662 1286 1702 1349 de
1720 1287 1833 1368 quibus
1850 1288 1978 1373 copiose

261 1399 303 1453 -et
332 1390 493 1454 subtiliter
516 1389 566 1453 W.
591 1389 700 1474 Meyer
728 1391 887 1468 disseruit,
919 1391 1052 1474 elegiaci
1076 1412 1199 1473 quoque
1224 1398 1256 1455 et
1279 1392 1490 1476 philosophici
1517 1403 1632 1476 poetae
1655 1394 1755 1457 secuti
1780 1394 1920 1476 sintita,
1944 1405 1979 1459 ut

432 1517 562 1562 caesura
586 1499 835 1561 seminovenaria
860 1535 899 1544 —-
925 1507 997 1582 post
1021 1499 1267 1566 semiternariam
1294 1536 1334 1545 -
1359 1500 1444 1563 nullo
1467 1521 1569 1583 paene
1592 1520 1685 1564 versu

432 1639 471 1649 -
496 1611 570 1688 post
594 1605 784 1668 trochaicam
809 1606 894 1668 tertii
917 1607 1009 1690 pedis
1032 1643 1074 1651 -
1099 1606 1313 1670 tantummodo
1331 1606 1589 1691 semiseptenaria
1612 1607 1822 1672 antecedente
1845 1608 1893 1671 usi
1916 1609 1980 1672 sint

430 1731 525 1794 porro
547 1719 582 1774 ut
605 1723 681 1774 ante
705 1731 864 1775 caesuram
889 1712 1139 1794 semiquinariam
1164 1723 1198 1777 et
1220 1713 1404 1777 vocabulum
1428 1713 1614 1798 bisyllabum
1631 1714 1794 1778 iambicum
1820 1724 1853 1778 et
1875 1715 1979 1779 tri-vel

259 1816 537 1900 quadrisyllabum
561 1818 644 1901 pede
668 1818 768 1881 altero
792 1819 858 1882 sive
882 1820 1043 1883 trochaice
1067 1821 1133 1884 sire
1157 1819 1316 1904 dactylica
1338 1821 1449 1884 exiens
1473 1821 1631 1884 rarissime
1655 1822 1834 1886 inveniatur

431 1925 513 2008 apud
542 1923 763 2007 Empedoclem
793 1926 872 1989 haec
901 1927 1083 1991 observavi:
1112 1927 1163 1990 hic
1196 1946 1357 1990 caesuram
1385 1928 1664 1991 seminovenariam
1694 1929 1791 1992 vicies
1815 1929 1980 2011 quinquies

271 2041 346 2115 post
375 2031 564 2095 trochaicam
594 2032 680 2096 tertii
711 2031 800 2116 pedis
831 2034 1090 2118 semiseptenaria
1117 2054 1179 2096 non
1210 2033 1420 2098 antecedente
1448 2035 1591 2098 adhibuit
1614 2043 1666 2100 49.
1692 2043 1745 2100 61.
1771 2043 1822 2100 73.
1849 2042 1900 2101 it.
1926 2043 1978 2101 85.

274 2151 325 2208 lea
343 2163 376 2207 sa
394 2163 427 2206 so.
456 2145 550 2205 213.14
569 2163 743 2206 semaam.
759 2163 839 2206 rasa
867 2147 1109 2209 &aristaenete
1138 2147 1192 2206 41s.
1212 2165 1245 2207 rs.
1265 2164 1298 2216 47,
1326 2140 1345 2204 i.
1368 2161 1397 2205 e.
1425 2142 1529 2206 sexies
1564 2143 1647 2205 inter
1681 2151 1832 2207 centenos
1859 2163 1978 2223 verena,

271 2248 440 2311 duodecies
463 2247 723 2330 semiseptenaria
746 2247 866 2310 latente
889 2247 921 2310 id
945 2248 1029 2330 quod
1052 2249 1135 2331 apud
1152 2248 1383 2312 Alexandrinos
1405 2249 1588 2332 saepissime
1612 2269 1667 2312 usu
1691 2248 1788 2329 venit,
1814 2250 1979 2331 quinquies

270 2357 369 2440 ipsam
385 2355 540 2418 occultam
559 2364 632 2438 post
648 2355 937 2437 semiseptenariam
955 2375 1146 2438 expressam,
1164 2354 1280 2418 totiens
1298 2361 1463 2436 utramque
1479 2356 1686 2439 perspicuam,
1704 2356 1800 2420 semel
1816 2365 1979 2437 utramque

272 2463 419 2526 latentem
444 2461 597 2524 adhibuit.

432 2568 538 2651 Longe
553 2568 650 2650 igitur
666 2568 705 2630 ab
722 2568 894 2652 exemplari
911 2568 1193 2631 Alexandrinorum
1210 2568 1328 2631 distare
1344 2589 1413 2632 eum
1431 2569 1585 2649 videmus,
1603 2569 1659 2633 sed
1676 2570 1804 2654 propius
1821 2570 1976 2634 accedere

261 2677 311 2740 ad
342 2675 526 2760 Odysseam,
562 2676 613 2738 ubi
648 2676 909 2758 semiseptenaria
943 2695 1005 2738 non
1035 2677 1255 2752 antecedente,
1291 2676 1540 2739 seminovenaria
1576 2678 1685 2755 octies,
1721 2677 1980 2761 semiseptenaria

272 2783 400 2856 latente,
425 2783 496 2866 ipsa
518 2783 641 2846 occulta
666 2781 763 2846 semel
787 2782 928 2845 adhibita
951 2791 1009 2845 est.

430 2888 523 2952 Nunc
546 2891 732 2954 accedamus
762 2889 801 2952 ad
826 2888 1000 2970 fragmenta
1023 2889 1174 2971 elegiaca.
1223 2887 1286 2953 Sed
1309 2889 1489 2972 priusquam
1521 2889 1560 2953 de
1591 2890 1729 2954 caesuris
1759 2909 1839 2972 quae
1869 2890 1901 2952 in
1931 2889 1981 2952 his

270 2999 474 3062 inveniuntur
497 2997 686 3061 disseramus
711 3017 810 3081 pauca
833 2997 931 3060 verba
954 2996 994 3060 de
1018 2996 1140 3079 origine
1164 3004 1197 3059 et
1220 3005 1332 3060 natura
1355 2995 1476 3078 elegiae
1500 2995 1577 3059 fiant
1599 3017 1729 3060 necesse
1754 3005 1812 3060 est.

982 3399 1136 3578 cap.
1185 3404 1272 3545 lV.

713 3635 784 3716 De
812 3633 1009 3735 origine
1038 3634 1090 3717 et
1116 3634 1305 3717 natura
1334 3635 1539 3734 elegiae.

431 3795 549 3875 Quibus
580 3797 657 3859 loeis
687 3797 777 3879 epira
805 3796 910 3879 poesis
938 3808 1012 3858 nata
1035 3796 1075 3859 ad
1110 3816 1322 3878 summumque
1357 3795 1561 3880 perfectionis
1586 3796 1742 3878 fastigium
1778 3797 1894 3861 educta
1921 3807 1980 3876 est,

271 3904 382 3967 iisdem
407 3904 581 3986 elegiacum
606 3923 731 3966 carmen
755 3903 916 3965 inventum
940 3921 1010 3965 esse
1034 3903 1118 3965 inter
1142 3923 1249 3966 omnes
1274 3912 1409 3967 constat.
1457 3901 1521 3967 Sed
1545 3904 1605 3966 iarn
1630 3910 1754 3967 veteres
1778 3904 1847 3986 quis
1871 3913 1982 3968 auctor

272 4011 339 4074 eius
364 4011 456 4074 hierit
479 4012 666 4074 dissensisse
691 4031 729 4072 ex
756 4009 931 4073 Horatiano
955 4009 1009 4071 illo
1034 4033 1061 4072 a.
1087 4031 1117 4093 p.
1144 4010 1183 4071 77
1209 4010 1418 4092 cognoscitur.

431 4117 478 4180 Ac
502 4139 541 4180 ne
564 4118 655 4180 nobis
684 4117 811 4199 quidem
836 4117 876 4179 de
900 4137 937 4180 ea
967 4138 1000 4180 re
1029 4129 1146 4180 certam
1176 4118 1366 4180 senteutiam
1393 4115 1475 4180 serre
1509 4116 1593 4182 licet.
1640 4117 1702 4180 dlii
1727 4115 1891 4198 Callidum,
1927 4118 1981 4181 alii

271 4225 493 4289 Archilochum
528 4225 723 4288 inventorem
759 4225 892 4307 elegiaci
929 4224 1076 4288 carminis
1111 4223 1206 4287 luisse
1242 4224 1458 4288 demonstrare
1499 4225 1697 4288 studuerunt.
1755 4223 1818 4288 Sed
1856 4225 1980 4304 frustra,

260 4333 378 4411 credo,
403 4347 438 4396 ut
463 4333 543 4396 hanc
567 4334 780 4413 quaestionem
804 4332 985 4416 disceptent
1008 4332 1066 4393 riri
1090 4331 1176 4394 docti
1199 4332 1404 4409 contendunt,
1429 4351 1497 4394 cum
1522 4330 1604 4394 haud
1628 4331 1724 4394 dubie
1739 4330 1829 4395 huius
1847 4351 1980 4413 quoque,

271 4442 353 4504 sicut
376 4440 469 4524 epici,
500 4440 626 4522 generis
649 4440 740 4502 initia
762 4440 793 4502 in
819 4448 979 4502 aeternum
1004 4439 1044 4500 ab
1069 4440 1180 4501 animis
1213 4438 1330 4502 nostris
1361 4439 1504 4502 detracta
1536 4457 1680 4501 mansura
1708 4458 1778 4501 esse
1806 4439 1981 4501 videantur.

271 4545 351 4611 Nam
379 4567 461 4629 quac
490 4547 531 4610 ad
559 4547 639 4610 hanc
668 4556 804 4612 aetatem
841 4558 1015 4630 propagata
1051 4557 1122 4609 suut
1158 4545 1374 4627 antiquissima
1409 4545 1554 4630 exempla
1591 4545 1630 4609 de
1666 4545 1777 4629 elegiis
1802 4543 1913 4609 Callini
1950 4557 1983 4606 et

265 4654 452 4718 ‚Archilochi
480 4654 668 4738 deprompta
694 4675 761 4717 cum
786 4675 848 4716 non
883 4654 973 4717 rudia
1010 4661 1064 4717 aut
1100 4653 1318 4736 incomposita,
1355 4653 1413 4718 sed
1447 4653 1675 4736 quodammodo
1708 4653 1850 4737 perlecta
1886 4661 1983 4733 atque

263 4760 415 4825 absoluta
438 4761 598 4825 rideamus
622 4762 655 4824 in
679 4761 717 4824 iis
741 4760 914 4844 primordia
937 4761 1042 4844 poesis
1066 4760 1228 4844 elegiacac
1253 4761 1340 4825 cerni
1364 4782 1424 4823 non
1450 4761 1623 4824 credemus.
1674 4759 1676 4766 ’

861 4955 1394 5004 *ἡὴ-,-
