<?xml version="1.0" encoding="UTF-8"?>
<!DOCTYPE html PUBLIC "-//W3C//DTD XHTML 1.0 Transitional//EN"
    "http://www.w3.org/TR/xhtml1/DTD/xhtml1-transitional.dtd">
<html xmlns="http://www.w3.org/1999/xhtml" xml:lang="en" lang="en">
 <head>
  <title>
</title>
<meta http-equiv="Content-Type" content="text/html;charset=utf-8" />
  <meta name='ocr-system' content='tesseract 3.04.00' />
  <meta name='ocr-capabilities' content='ocr_page ocr_carea ocr_par ocr_line ocrx_word'/>
</head>
<body>
  <div class='ocr_page' id='page_1' title='image "./dexenophanisart00xenogoog_0013.png"; bbox 0 0 4690 5850; ppageno 0'>
   <div class='ocr_carea' id='block_1_1' title="bbox 873 695 1557 1234">
    <p class='ocr_par' dir='ltr' id='par_1_1' title="bbox 873 695 1557 1234">
     <span class='ocr_line' id='line_1_1' title="bbox 1111 695 1324 787; baseline -0.005 0"><span class='ocrx_word' id='word_1_1' title='bbox 1111 695 1324 787; x_wconf 51' lang='grc' dir='ltr'>Α..-</span> 
     </span>
     <span class='ocr_line' id='line_1_2' title="bbox 1097 897 1336 1075; baseline -0.013 -31"><span class='ocrx_word' id='word_1_2' title='bbox 1097 897 1252 1075; x_wconf 75' lang='lat' dir='ltr'>(lap.</span> <span class='ocrx_word' id='word_1_3' title='bbox 1300 901 1336 1042; x_wconf 93' lang='lat' dir='ltr'>l.</span> 
     </span>
     <span class='ocr_line' id='line_1_3' title="bbox 873 1129 1557 1234; baseline 0.007 -20"><span class='ocrx_word' id='word_1_4' title='bbox 873 1132 943 1215; x_wconf 87' lang='lat' dir='ltr'>De</span> <span class='ocrx_word' id='word_1_5' title='bbox 971 1131 1266 1215; x_wconf 81' lang='lat' dir='ltr'><strong>hexametro</strong></span> <span class='ocrx_word' id='word_1_6' title='bbox 1296 1129 1557 1234; x_wconf 86' lang='lat' dir='ltr'>dactylico.</span> 
     </span>
    </p>
   </div>
   <div class='ocr_carea' id='block_1_2' title="bbox 363 1345 2080 1757">
    <p class='ocr_par' dir='ltr' id='par_1_2' title="bbox 363 1345 2080 1757">
     <span class='ocr_line' id='line_1_4' title="bbox 525 1345 2080 1434; baseline 0 -22"><span class='ocrx_word' id='word_1_7' title='bbox 525 1349 751 1414; x_wconf 82' lang='lat' dir='ltr'>Hexametrum</span> <span class='ocrx_word' id='word_1_8' title='bbox 788 1348 976 1434; x_wconf 87' lang='lat' dir='ltr'>dactylicum</span> <span class='ocrx_word' id='word_1_9' title='bbox 1009 1349 1083 1412; x_wconf 88' lang='lat' dir='ltr'>inde</span> <span class='ocrx_word' id='word_1_10' title='bbox 1118 1370 1136 1412; x_wconf 90' lang='lat' dir='ltr'>a</span> <span class='ocrx_word' id='word_1_11' title='bbox 1171 1348 1340 1412; x_wconf 78' lang='lat' dir='ltr'>carminum</span> <span class='ocrx_word' id='word_1_12' title='bbox 1377 1346 1603 1410; x_wconf 83' lang='lat' dir='ltr'>homericorum</span> <span class='ocrx_word' id='word_1_13' title='bbox 1640 1355 1745 1409; x_wconf 87' lang='lat' dir='ltr'>aetate</span> <span class='ocrx_word' id='word_1_14' title='bbox 1781 1345 1821 1408; x_wconf 90' lang='lat' dir='ltr'>ad</span> <span class='ocrx_word' id='word_1_15' title='bbox 1856 1347 2080 1430; x_wconf 82' lang='lat' dir='ltr'>componenda</span> 
     </span>
     <span class='ocr_line' id='line_1_5' title="bbox 364 1452 2079 1544; baseline -0.001 -22"><span class='ocrx_word' id='word_1_16' title='bbox 364 1466 510 1544; x_wconf 79' lang='lat' dir='ltr'>poemata</span> <span class='ocrx_word' id='word_1_17' title='bbox 534 1479 619 1522; x_wconf 89' lang='lat' dir='ltr'>mere</span> <span class='ocrx_word' id='word_1_18' title='bbox 644 1457 745 1542; x_wconf 84' lang='lat' dir='ltr'>opica,</span> <span class='ocrx_word' id='word_1_19' title='bbox 771 1465 805 1519; x_wconf 92' lang='lat' dir='ltr'>nt</span> <span class='ocrx_word' id='word_1_20' title='bbox 828 1477 846 1520; x_wconf 90' lang='lat' dir='ltr'>a</span> <span class='ocrx_word' id='word_1_21' title='bbox 870 1456 974 1540; x_wconf 78' lang='lat' dir='ltr'>poetis</span> <span class='ocrx_word' id='word_1_22' title='bbox 998 1456 1078 1542; x_wconf 83' lang='lat' dir='ltr'>cycli</span> <span class='ocrx_word' id='word_1_23' title='bbox 1109 1456 1191 1540; x_wconf 86' lang='lat' dir='ltr'>epici</span> <span class='ocrx_word' id='word_1_24' title='bbox 1219 1455 1271 1537; x_wconf 93' lang='lat' dir='ltr'>qni</span> <span class='ocrx_word' id='word_1_25' title='bbox 1301 1455 1425 1534; x_wconf 91' lang='lat' dir='ltr'>dicitnr,</span> <span class='ocrx_word' id='word_1_26' title='bbox 1456 1453 1507 1517; x_wconf 88' lang='lat' dir='ltr'>vel</span> <span class='ocrx_word' id='word_1_27' title='bbox 1534 1455 1575 1518; x_wconf 86' lang='lat' dir='ltr'>ad</span> <span class='ocrx_word' id='word_1_28' title='bbox 1604 1452 1772 1532; x_wconf 91' lang='lat' dir='ltr'>didactica,</span> <span class='ocrx_word' id='word_1_29' title='bbox 1803 1463 1837 1515; x_wconf 88' lang='lat' dir='ltr'>ut</span> <span class='ocrx_word' id='word_1_30' title='bbox 1865 1453 1905 1515; x_wconf 90' lang='lat' dir='ltr'>ab</span> <span class='ocrx_word' id='word_1_31' title='bbox 1935 1453 2079 1520; x_wconf 77' lang='lat' dir='ltr'>Hesiodo</span> 
     </span>
     <span class='ocr_line' id='line_1_6' title="bbox 363 1559 2078 1651; baseline -0.003 -22"><span class='ocrx_word' id='word_1_32' title='bbox 363 1566 565 1651; x_wconf 86' lang='lat' dir='ltr'>physicisqne</span> <span class='ocrx_word' id='word_1_33' title='bbox 591 1574 625 1628; x_wconf 92' lang='lat' dir='ltr'>ct</span> <span class='ocrx_word' id='word_1_34' title='bbox 648 1563 854 1649; x_wconf 81' lang='lat' dir='ltr'>philosophia,</span> <span class='ocrx_word' id='word_1_35' title='bbox 879 1562 967 1627; x_wconf 83' lang='lat' dir='ltr'>velut</span> <span class='ocrx_word' id='word_1_36' title='bbox 990 1584 1009 1627; x_wconf 86' lang='lat' dir='ltr'>a</span> <span class='ocrx_word' id='word_1_37' title='bbox 1031 1562 1238 1647; x_wconf 83' lang='lat' dir='ltr'>Xenophane,</span> <span class='ocrx_word' id='word_1_38' title='bbox 1262 1560 1460 1638; x_wconf 85' lang='lat' dir='ltr'>Parmenide,</span> <span class='ocrx_word' id='word_1_39' title='bbox 1486 1559 1688 1644; x_wconf 83' lang='lat' dir='ltr'>Empedocle,</span> <span class='ocrx_word' id='word_1_40' title='bbox 1717 1559 1890 1622; x_wconf 80' lang='lat' dir='ltr'>adhibitum</span> <span class='ocrx_word' id='word_1_41' title='bbox 1920 1579 1990 1624; x_wconf 87' lang='lat' dir='ltr'>esse</span> <span class='ocrx_word' id='word_1_42' title='bbox 2017 1582 2078 1645; x_wconf 88' lang='lat' dir='ltr'>per</span> 
     </span>
     <span class='ocr_line' id='line_1_7' title="bbox 363 1680 521 1757; baseline -0.006 -21"><span class='ocrx_word' id='word_1_43' title='bbox 363 1693 398 1736; x_wconf 90' lang='lat' dir='ltr'>se</span> <span class='ocrx_word' id='word_1_44' title='bbox 421 1680 521 1757; x_wconf 88' lang='lat' dir='ltr'>patet.</span> 
     </span>
    </p>
   </div>
   <div class='ocr_carea' id='block_1_3' title="bbox 365 1783 2074 1986">
    <p class='ocr_par' dir='ltr' id='par_1_3' title="bbox 365 1783 2074 1986">
     <span class='ocr_line' id='line_1_8' title="bbox 527 1783 2074 1878; baseline 0 -20"><span class='ocrx_word' id='word_1_45' title='bbox 527 1795 568 1859; x_wconf 85' lang='lat' dir='ltr'>Et</span> <span class='ocrx_word' id='word_1_46' title='bbox 591 1817 672 1877; x_wconf 89' lang='lat' dir='ltr'>qnae</span> <span class='ocrx_word' id='word_1_47' title='bbox 701 1795 799 1858; x_wconf 86' lang='lat' dir='ltr'>sorrna</span> <span class='ocrx_word' id='word_1_48' title='bbox 826 1783 1000 1858; x_wconf 71' lang='lat' dir='ltr'>hexametri</span> <span class='ocrx_word' id='word_1_49' title='bbox 1028 1793 1178 1878; x_wconf 83' lang='lat' dir='ltr'>dactylici</span> <span class='ocrx_word' id='word_1_50' title='bbox 1206 1793 1395 1857; x_wconf 82' lang='lat' dir='ltr'>carminibus</span> <span class='ocrx_word' id='word_1_51' title='bbox 1423 1792 1589 1856; x_wconf 79' lang='lat' dir='ltr'>homericis</span> <span class='ocrx_word' id='word_1_52' title='bbox 1618 1801 1767 1876; x_wconf 86' lang='lat' dir='ltr'>usurpata</span> <span class='ocrx_word' id='word_1_53' title='bbox 1795 1804 1853 1870; x_wconf 87' lang='lat' dir='ltr'>est,</span> <span class='ocrx_word' id='word_1_54' title='bbox 1883 1813 1961 1870; x_wconf 86' lang='lat' dir='ltr'>eam,</span> <span class='ocrx_word' id='word_1_55' title='bbox 1990 1813 2074 1876; x_wconf 75' lang='lat' dir='ltr'>quot.</span> 
     </span>
     <span class='ocr_line' id='line_1_9' title="bbox 365 1900 1228 1986; baseline 0.001 -22"><span class='ocrx_word' id='word_1_56' title='bbox 365 1903 405 1965; x_wconf 86' lang='lat' dir='ltr'>ed</span> <span class='ocrx_word' id='word_1_57' title='bbox 431 1923 577 1966; x_wconf 88' lang='lat' dir='ltr'>summam</span> <span class='ocrx_word' id='word_1_58' title='bbox 601 1901 648 1965; x_wconf 85' lang='lat' dir='ltr'>rei</span> <span class='ocrx_word' id='word_1_59' title='bbox 671 1905 795 1980; x_wconf 78' lang='lat' dir='ltr'>attinet,</span> <span class='ocrx_word' id='word_1_60' title='bbox 820 1900 865 1964; x_wconf 90' lang='lat' dir='ltr'>illi</span> <span class='ocrx_word' id='word_1_61' title='bbox 889 1909 1004 1986; x_wconf 85' lang='lat' dir='ltr'>poetae</span> <span class='ocrx_word' id='word_1_62' title='bbox 1027 1900 1228 1986; x_wconf 90' lang='lat' dir='ltr'>adoptarunt.</span> 
     </span>
    </p>
   </div>
   <div class='ocr_carea' id='block_1_4' title="bbox 527 2041 2184 2128">
    <p class='ocr_par' dir='ltr' id='par_1_4' title="bbox 527 2041 2184 2128">
     <span class='ocr_line' id='line_1_10' title="bbox 527 2041 2184 2128; baseline -0.001 -19"><span class='ocrx_word' id='word_1_63' title='bbox 527 2043 678 2109; x_wconf 82' lang='lat' dir='ltr'>Omnibus</span> <span class='ocrx_word' id='word_1_64' title='bbox 705 2045 833 2107; x_wconf 77' lang='lat' dir='ltr'>sedibus</span> <span class='ocrx_word' id='word_1_65' title='bbox 860 2043 1035 2108; x_wconf 79' lang='lat' dir='ltr'>hexametri</span> <span class='ocrx_word' id='word_1_66' title='bbox 1063 2043 1223 2128; x_wconf 84' lang='lat' dir='ltr'>dactylici,</span> <span class='ocrx_word' id='word_1_67' title='bbox 1253 2043 1305 2125; x_wconf 93' lang='lat' dir='ltr'>qni</span> <span class='ocrx_word' id='word_1_68' title='bbox 1334 2063 1459 2128; x_wconf 78' lang='lat' dir='ltr'>semper</span> <span class='ocrx_word' id='word_1_69' title='bbox 1486 2043 1554 2106; x_wconf 86' lang='lat' dir='ltr'>exit</span> <span class='ocrx_word' id='word_1_70' title='bbox 1582 2041 1787 2108; x_wconf 86' lang='lat' dir='ltr'>catalecticus</span> <span class='ocrx_word' id='word_1_71' title='bbox 1815 2043 1846 2105; x_wconf 93' lang='lat' dir='ltr'>in</span> <span class='ocrx_word' id='word_1_72' title='bbox 1876 2043 2077 2126; x_wconf 85' lang='lat' dir='ltr'>bisyllubum,</span> <span class='ocrx_word' id='word_1_73' title='bbox 2180 2057 2184 2064; x_wconf 89' lang='lat'>&#39;</span> 
     </span>
    </p>
   </div>
   <div class='ocr_carea' id='block_1_5' title="bbox 364 2149 2076 2558">
    <p class='ocr_par' dir='ltr' id='par_1_5' title="bbox 364 2149 2076 2558">
     <span class='ocr_line' id='line_1_11' title="bbox 366 2149 2075 2237; baseline -0.001 -22"><span class='ocrx_word' id='word_1_74' title='bbox 366 2152 526 2237; x_wconf 87' lang='lat' dir='ltr'>dactylum</span> <span class='ocrx_word' id='word_1_75' title='bbox 556 2153 742 2218; x_wconf 87' lang='lat' dir='ltr'>contrahere</span> <span class='ocrx_word' id='word_1_76' title='bbox 765 2152 786 2216; x_wconf 91' lang='lat' dir='ltr'>i.</span> <span class='ocrx_word' id='word_1_77' title='bbox 811 2173 839 2216; x_wconf 87' lang='lat' dir='ltr'>c.</span> <span class='ocrx_word' id='word_1_78' title='bbox 863 2171 922 2235; x_wconf 91' lang='lat' dir='ltr'>pro</span> <span class='ocrx_word' id='word_1_79' title='bbox 952 2171 990 2215; x_wconf 92' lang='lat' dir='ltr'>eo</span> <span class='ocrx_word' id='word_1_80' title='bbox 1018 2151 1191 2236; x_wconf 91' lang='lat' dir='ltr'>spondeum</span> <span class='ocrx_word' id='word_1_81' title='bbox 1219 2170 1337 2235; x_wconf 92' lang='lat' dir='ltr'>ponere</span> <span class='ocrx_word' id='word_1_82' title='bbox 1370 2150 1455 2230; x_wconf 90' lang='lat' dir='ltr'>licet,</span> <span class='ocrx_word' id='word_1_83' title='bbox 1491 2158 1712 2235; x_wconf 85' lang='lat' dir='ltr'>praeterquam</span> <span class='ocrx_word' id='word_1_84' title='bbox 1745 2149 1827 2233; x_wconf 90' lang='lat' dir='ltr'>quod</span> <span class='ocrx_word' id='word_1_85' title='bbox 1860 2149 1987 2230; x_wconf 89' lang='lat' dir='ltr'>quintus</span> <span class='ocrx_word' id='word_1_86' title='bbox 2018 2171 2075 2236; x_wconf 91' lang='lat' dir='ltr'>pes</span> 
     </span>
     <span class='ocr_line' id='line_1_12' title="bbox 365 2255 2076 2342; baseline 0 -20"><span class='ocrx_word' id='word_1_87' title='bbox 365 2260 467 2324; x_wconf 88' lang='lat' dir='ltr'>rarius</span> <span class='ocrx_word' id='word_1_88' title='bbox 491 2260 697 2339; x_wconf 84' lang='lat' dir='ltr'>contrahitur,</span> <span class='ocrx_word' id='word_1_89' title='bbox 722 2261 748 2322; x_wconf 91' lang='lat' dir='ltr'>si</span> <span class='ocrx_word' id='word_1_90' title='bbox 772 2260 873 2324; x_wconf 89' lang='lat' dir='ltr'>minus</span> <span class='ocrx_word' id='word_1_91' title='bbox 896 2257 980 2342; x_wconf 86' lang='lat' dir='ltr'>apud</span> <span class='ocrx_word' id='word_1_92' title='bbox 1004 2255 1185 2338; x_wconf 88' lang='lat' dir='ltr'>Homerum,</span> <span class='ocrx_word' id='word_1_93' title='bbox 1217 2265 1361 2322; x_wconf 87' lang='lat' dir='ltr'>atcerte</span> <span class='ocrx_word' id='word_1_94' title='bbox 1391 2257 1475 2342; x_wconf 92' lang='lat' dir='ltr'>apud</span> <span class='ocrx_word' id='word_1_95' title='bbox 1503 2277 1567 2336; x_wconf 92' lang='lat' dir='ltr'>eos,</span> <span class='ocrx_word' id='word_1_96' title='bbox 1598 2258 1650 2339; x_wconf 92' lang='lat' dir='ltr'>qui</span> <span class='ocrx_word' id='word_1_97' title='bbox 1679 2263 1752 2340; x_wconf 92' lang='lat' dir='ltr'>post</span> <span class='ocrx_word' id='word_1_98' title='bbox 1780 2257 1863 2321; x_wconf 92' lang='lat' dir='ltr'>huno</span> <span class='ocrx_word' id='word_1_99' title='bbox 1891 2257 2076 2323; x_wconf 87' lang='lat' dir='ltr'>hexametro</span> 
     </span>
     <span class='ocr_line' id='line_1_13' title="bbox 365 2364 2074 2452; baseline -0.001 -22"><span class='ocrx_word' id='word_1_100' title='bbox 365 2367 524 2452; x_wconf 89' lang='lat' dir='ltr'>dactylico</span> <span class='ocrx_word' id='word_1_101' title='bbox 549 2375 695 2452; x_wconf 79' lang='lat' dir='ltr'>poemata</span> <span class='ocrx_word' id='word_1_102' title='bbox 718 2375 961 2451; x_wconf 89' lang='lat' dir='ltr'>composuerunt</span> <span class='ocrx_word' id='word_1_103' title='bbox 983 2373 1017 2429; x_wconf 95' lang='lat' dir='ltr'>et</span> <span class='ocrx_word' id='word_1_104' title='bbox 1039 2365 1091 2448; x_wconf 94' lang='lat' dir='ltr'>qui</span> <span class='ocrx_word' id='word_1_105' title='bbox 1120 2365 1179 2428; x_wconf 91' lang='lat' dir='ltr'>nisi</span> <span class='ocrx_word' id='word_1_106' title='bbox 1208 2365 1249 2428; x_wconf 88' lang='lat' dir='ltr'>ad</span> <span class='ocrx_word' id='word_1_107' title='bbox 1277 2364 1421 2430; x_wconf 88' lang='lat' dir='ltr'>effectum</span> <span class='ocrx_word' id='word_1_108' title='bbox 1451 2364 1586 2446; x_wconf 88' lang='lat' dir='ltr'>aliquem</span> <span class='ocrx_word' id='word_1_109' title='bbox 1615 2364 1844 2446; x_wconf 85' lang='lat' dir='ltr'>assequendum</span> <span class='ocrx_word' id='word_1_110' title='bbox 1872 2365 2014 2449; x_wconf 89' lang='lat' dir='ltr'>spondeo</span> <span class='ocrx_word' id='word_1_111' title='bbox 2042 2367 2074 2430; x_wconf 91' lang='lat' dir='ltr'>in</span> 
     </span>
     <span class='ocr_line' id='line_1_14' title="bbox 364 2449 858 2558; baseline 0 -22"><span class='ocrx_word' id='word_1_112' title='bbox 364 2449 428 2538; x_wconf 78' lang='grc' dir='ltr'>ἱΙΙοΙ</span> <span class='ocrx_word' id='word_1_113' title='bbox 443 2473 525 2558; x_wconf 89' lang='lat' dir='ltr'>pede</span> <span class='ocrx_word' id='word_1_114' title='bbox 549 2474 593 2538; x_wconf 85' lang='lat' dir='ltr'>uti</span> <span class='ocrx_word' id='word_1_115' title='bbox 617 2493 679 2536; x_wconf 91' lang='lat' dir='ltr'>non</span> <span class='ocrx_word' id='word_1_116' title='bbox 703 2473 858 2536; x_wconf 88' lang='lat' dir='ltr'>solebant.</span> 
     </span>
    </p>
   </div>
   <div class='ocr_carea' id='block_1_6' title="bbox 367 2613 2076 3022">
    <p class='ocr_par' dir='ltr' id='par_1_6' title="bbox 367 2613 2076 3022">
     <span class='ocr_line' id='line_1_15' title="bbox 528 2613 2074 2702; baseline 0.001 -22"><span class='ocrx_word' id='word_1_117' title='bbox 528 2616 624 2702; x_wconf 87' lang='lat' dir='ltr'>Apud</span> <span class='ocrx_word' id='word_1_118' title='bbox 637 2615 868 2700; x_wconf 88' lang='lat' dir='ltr'>Xenophanem</span> <span class='ocrx_word' id='word_1_119' title='bbox 888 2615 1072 2699; x_wconf 67' lang='lat' dir='ltr'>saepissime</span> <span class='ocrx_word' id='word_1_120' title='bbox 1086 2634 1195 2678; x_wconf 88' lang='lat' dir='ltr'>versus</span> <span class='ocrx_word' id='word_1_121' title='bbox 1211 2615 1413 2679; x_wconf 79' lang='lat' dir='ltr'>inveniuntur</span> <span class='ocrx_word' id='word_1_122' title='bbox 1435 2613 1467 2693; x_wconf 90' lang='lat' dir='ltr'>ii,</span> <span class='ocrx_word' id='word_1_123' title='bbox 1491 2635 1620 2697; x_wconf 91' lang='lat' dir='ltr'>quorum</span> <span class='ocrx_word' id='word_1_124' title='bbox 1644 2615 1799 2679; x_wconf 86' lang='lat' dir='ltr'>secundus</span> <span class='ocrx_word' id='word_1_125' title='bbox 1824 2635 1881 2700; x_wconf 88' lang='lat' dir='ltr'>pes</span> <span class='ocrx_word' id='word_1_126' title='bbox 1904 2617 2074 2702; x_wconf 87' lang='lat' dir='ltr'>spondeus,</span> 
     </span>
     <span class='ocr_line' id='line_1_16' title="bbox 368 2705 2076 2808; baseline 0 -20"><span class='ocrx_word' id='word_1_127' title='bbox 368 2726 467 2789; x_wconf 88' lang='lat' dir='ltr'>ceteri</span> <span class='ocrx_word' id='word_1_128' title='bbox 491 2722 609 2808; x_wconf 86' lang='lat' dir='ltr'>dactyli</span> <span class='ocrx_word' id='word_1_129' title='bbox 634 2730 707 2787; x_wconf 89' lang='lat' dir='ltr'>sunt</span> <span class='ocrx_word' id='word_1_130' title='bbox 738 2724 812 2797; x_wconf 63' lang='lat' dir='ltr'>llp.</span> <span class='ocrx_word' id='word_1_131' title='bbox 849 2721 927 2803; x_wconf 57' lang='lat'>224.</span> <span class='ocrx_word' id='word_1_132' title='bbox 963 2721 1043 2804; x_wconf 57' lang='lat'>23,</span> <span class='ocrx_word' id='word_1_133' title='bbox 1079 2721 1158 2804; x_wconf 65' lang='lat'>26,</span> <span class='ocrx_word' id='word_1_134' title='bbox 1194 2705 1280 2804; x_wconf 58' lang='lat'>⁴28,</span> <span class='ocrx_word' id='word_1_135' title='bbox 1310 2721 1389 2802; x_wconf 59' lang='lat'>30,</span> <span class='ocrx_word' id='word_1_136' title='bbox 1425 2722 1505 2800; x_wconf 72' lang='lat'>34,4.</span> <span class='ocrx_word' id='word_1_137' title='bbox 1540 2721 1641 2788; x_wconf 84' lang='lat'><strong>36.—</strong></span> <span class='ocrx_word' id='word_1_138' title='bbox 1669 2731 1702 2786; x_wconf 90' lang='lat' dir='ltr'>ct</span> <span class='ocrx_word' id='word_1_139' title='bbox 1725 2723 1757 2802; x_wconf 90' lang='lat' dir='ltr'>ii,</span> <span class='ocrx_word' id='word_1_140' title='bbox 1786 2723 1893 2805; x_wconf 91' lang='lat' dir='ltr'>quiin</span> <span class='ocrx_word' id='word_1_141' title='bbox 1918 2723 2076 2788; x_wconf 81' lang='lat' dir='ltr'>alteraet</span> 
     </span>
     <span class='ocr_line' id='line_1_17' title="bbox 367 2827 2075 2915; baseline 0 -20"><span class='ocrx_word' id='word_1_142' title='bbox 367 2841 480 2914; x_wconf 88' lang='lat' dir='ltr'>quarta</span> <span class='ocrx_word' id='word_1_143' title='bbox 503 2831 579 2894; x_wconf 87' lang='lat' dir='ltr'>sede</span> <span class='ocrx_word' id='word_1_144' title='bbox 603 2830 777 2915; x_wconf 89' lang='lat' dir='ltr'>spondeum</span> <span class='ocrx_word' id='word_1_145' title='bbox 801 2837 923 2914; x_wconf 88' lang='lat' dir='ltr'>ponunt</span> <span class='ocrx_word' id='word_1_146' title='bbox 948 2832 1026 2909; x_wconf 71' lang='lat'>14,2.</span> <span class='ocrx_word' id='word_1_147' title='bbox 1056 2829 1164 2911; x_wconf 84' lang='lat'>18„.,.</span> <span class='ocrx_word' id='word_1_148' title='bbox 1193 2828 1272 2910; x_wconf 59' lang='lat'>222.</span> <span class='ocrx_word' id='word_1_149' title='bbox 1302 2829 1354 2893; x_wconf 70' lang='lat'>24.</span> <span class='ocrx_word' id='word_1_150' title='bbox 1380 2829 1421 2892; x_wconf 77' lang='lat'>29</span> <span class='ocrx_word' id='word_1_151' title='bbox 1445 2827 1588 2912; x_wconf 84' lang='lat' dir='ltr'>(sexies),</span> <span class='ocrx_word' id='word_1_152' title='bbox 1617 2831 1691 2894; x_wconf 88' lang='lat' dir='ltr'>item</span> <span class='ocrx_word' id='word_1_153' title='bbox 1715 2829 1748 2908; x_wconf 91' lang='lat' dir='ltr'>ii,</span> <span class='ocrx_word' id='word_1_154' title='bbox 1778 2829 1829 2912; x_wconf 91' lang='lat' dir='ltr'>qni</span> <span class='ocrx_word' id='word_1_155' title='bbox 1858 2831 1889 2893; x_wconf 91' lang='lat' dir='ltr'>in</span> <span class='ocrx_word' id='word_1_156' title='bbox 1920 2832 2018 2915; x_wconf 88' lang='lat' dir='ltr'>prirua</span> <span class='ocrx_word' id='word_1_157' title='bbox 2043 2843 2075 2895; x_wconf 88' lang='lat' dir='ltr'>et</span> 
     </span>
     <span class='ocr_line' id='line_1_18' title="bbox 367 2936 1016 3022; baseline -0.008 -18"><span class='ocrx_word' id='word_1_158' title='bbox 367 2945 479 3022; x_wconf 85' lang='lat' dir='ltr'>quarta</span> <span class='ocrx_word' id='word_1_159' title='bbox 503 2939 584 3022; x_wconf 57' lang='lat'>22³.</span> <span class='ocrx_word' id='word_1_160' title='bbox 613 2936 692 3012; x_wconf 63' lang='lat'>28,</span> <span class='ocrx_word' id='word_1_161' title='bbox 722 2937 802 3014; x_wconf 76' lang='lat'>30‚,.</span> <span class='ocrx_word' id='word_1_162' title='bbox 830 2937 909 3016; x_wconf 64' lang='lat'>32,</span> <span class='ocrx_word' id='word_1_163' title='bbox 938 2936 1016 3016; x_wconf 63' lang='lat'>34,</span> 
     </span>
    </p>
   </div>
   <div class='ocr_carea' id='block_1_7' title="bbox 366 3075 2077 3379">
    <p class='ocr_par' dir='ltr' id='par_1_7' title="bbox 366 3075 2077 3379">
     <span class='ocr_line' id='line_1_19' title="bbox 527 3075 2074 3163; baseline -0.001 -20"><span class='ocrx_word' id='word_1_164' title='bbox 527 3079 634 3146; x_wconf 87' lang='lat' dir='ltr'>Prima</span> <span class='ocrx_word' id='word_1_165' title='bbox 657 3082 750 3144; x_wconf 87' lang='lat' dir='ltr'>sedes</span> <span class='ocrx_word' id='word_1_166' title='bbox 774 3079 841 3144; x_wconf 89' lang='lat' dir='ltr'>sola</span> <span class='ocrx_word' id='word_1_167' title='bbox 866 3080 1038 3163; x_wconf 90' lang='lat' dir='ltr'>spondeum</span> <span class='ocrx_word' id='word_1_168' title='bbox 1062 3079 1228 3161; x_wconf 88' lang='lat' dir='ltr'>quinquies</span> <span class='ocrx_word' id='word_1_169' title='bbox 1251 3079 1348 3142; x_wconf 90' lang='lat' dir='ltr'>habet</span> <span class='ocrx_word' id='word_1_170' title='bbox 1367 3080 1416 3142; x_wconf 89' lang='lat'>10.</span> <span class='ocrx_word' id='word_1_171' title='bbox 1443 3081 1494 3142; x_wconf 83' lang='lat'>17.</span> <span class='ocrx_word' id='word_1_172' title='bbox 1519 3075 1598 3160; x_wconf 53' lang='lat'>22,</span> <span class='ocrx_word' id='word_1_173' title='bbox 1624 3078 1704 3160; x_wconf 66' lang='lat'>34,</span> <span class='ocrx_word' id='word_1_174' title='bbox 1729 3077 1812 3158; x_wconf 80' lang='lat'><strong>38„;</strong></span> <span class='ocrx_word' id='word_1_175' title='bbox 1837 3085 1952 3160; x_wconf 88' lang='lat' dir='ltr'>quater</span> <span class='ocrx_word' id='word_1_176' title='bbox 1975 3080 2074 3162; x_wconf 85' lang='lat' dir='ltr'>prima</span> 
     </span>
     <span class='ocr_line' id='line_1_20' title="bbox 367 3179 2077 3272; baseline -0.004 -20"><span class='ocrx_word' id='word_1_177' title='bbox 367 3188 523 3252; x_wconf 88' lang='lat' dir='ltr'>etaltera</span> <span class='ocrx_word' id='word_1_178' title='bbox 550 3189 627 3268; x_wconf 65' lang='lat'>12,</span> <span class='ocrx_word' id='word_1_179' title='bbox 656 3188 761 3268; x_wconf 80' lang='lat'>15„.,.</span> <span class='ocrx_word' id='word_1_180' title='bbox 786 3185 838 3251; x_wconf 83' lang='lat'>33.</span> <span class='ocrx_word' id='word_1_181' title='bbox 886 3185 921 3248; x_wconf 93' lang='lat' dir='ltr'>ln</span> <span class='ocrx_word' id='word_1_182' title='bbox 946 3195 1058 3268; x_wconf 88' lang='lat' dir='ltr'>quarto</span> <span class='ocrx_word' id='word_1_183' title='bbox 1081 3185 1151 3250; x_wconf 92' lang='lat' dir='ltr'>loco</span> <span class='ocrx_word' id='word_1_184' title='bbox 1175 3186 1333 3272; x_wconf 89' lang='lat' dir='ltr'>spondeus</span> <span class='ocrx_word' id='word_1_185' title='bbox 1357 3186 1522 3270; x_wconf 88' lang='lat' dir='ltr'>quinquies</span> <span class='ocrx_word' id='word_1_186' title='bbox 1546 3185 1706 3250; x_wconf 77' lang='lat' dir='ltr'>invenitur</span> <span class='ocrx_word' id='word_1_187' title='bbox 1735 3187 1810 3265; x_wconf 85' lang='lat'><strong>11„.</strong></span> <span class='ocrx_word' id='word_1_188' title='bbox 1844 3187 1906 3265; x_wconf 80' lang='grc' dir='ltr'>Ιό,ι</span> <span class='ocrx_word' id='word_1_189' title='bbox 1939 3179 2016 3251; x_wconf 72' lang='grc' dir='ltr'>ἄλλ’</span> <span class='ocrx_word' id='word_1_190' title='bbox 2045 3185 2077 3247; x_wconf 79' lang='lat' dir='ltr'>sl</span> 
     </span>
     <span class='ocr_line' id='line_1_21' title="bbox 366 3286 1808 3379; baseline 0.001 -23"><span class='ocrx_word' id='word_1_191' title='bbox 366 3301 477 3373; x_wconf 78' lang='grc' dir='ltr'><strong><em>χεῖρας</em></strong></span> <span class='ocrx_word' id='word_1_192' title='bbox 501 3290 577 3371; x_wconf 63' lang='grc' dir='ltr'>ἔχω’</span> <span class='ocrx_word' id='word_1_193' title='bbox 599 3291 675 3376; x_wconf 65' lang='grc' dir='ltr'>βόες</span> <span class='ocrx_word' id='word_1_194' title='bbox 699 3291 810 3379; x_wconf 78' lang='grc' dir='ltr'>(ἵπποι</span> <span class='ocrx_word' id='word_1_195' title='bbox 835 3287 876 3372; x_wconf 81' lang='grc' dir='ltr'>τ’)</span> <span class='ocrx_word' id='word_1_196' title='bbox 901 3286 943 3377; x_wconf 70' lang='grc' dir='ltr'>ἠὲ</span> <span class='ocrx_word' id='word_1_197' title='bbox 966 3291 1106 3366; x_wconf 70' lang='grc' dir='ltr'>λέοντες.</span> <span class='ocrx_word' id='word_1_198' title='bbox 1130 3293 1206 3375; x_wconf 81' lang='lat'>15„.</span> <span class='ocrx_word' id='word_1_199' title='bbox 1235 3294 1411 3372; x_wconf 76' lang='lat'>16„.23„.</span> <span class='ocrx_word' id='word_1_200' title='bbox 1802 3303 1808 3314; x_wconf 90' lang='lat'>&#39;</span> 
     </span>
    </p>
   </div>
   <div class='ocr_carea' id='block_1_8' title="bbox 368 3435 2077 3629">
    <p class='ocr_par' dir='ltr' id='par_1_8' title="bbox 368 3435 2077 3629">
     <span class='ocr_line' id='line_1_22' title="bbox 528 3435 2077 3522; baseline 0.001 -23"><span class='ocrx_word' id='word_1_201' title='bbox 528 3435 727 3502; x_wconf 88' lang='lat' dir='ltr'>Potissimum</span> <span class='ocrx_word' id='word_1_202' title='bbox 752 3439 857 3522; x_wconf 84' lang='lat' dir='ltr'>igitur,</span> <span class='ocrx_word' id='word_1_203' title='bbox 882 3436 1034 3502; x_wconf 88' lang='lat' dir='ltr'>videlicet</span> <span class='ocrx_word' id='word_1_204' title='bbox 1049 3435 1147 3500; x_wconf 87' lang='lat' dir='ltr'>vicies</span> <span class='ocrx_word' id='word_1_205' title='bbox 1170 3436 1203 3499; x_wconf 93' lang='lat' dir='ltr'>in</span> <span class='ocrx_word' id='word_1_206' title='bbox 1227 3435 1369 3500; x_wconf 88' lang='lat' dir='ltr'>centenis</span> <span class='ocrx_word' id='word_1_207' title='bbox 1392 3436 1545 3512; x_wconf 86' lang='lat' dir='ltr'>versibus,</span> <span class='ocrx_word' id='word_1_208' title='bbox 1570 3435 1601 3498; x_wconf 93' lang='lat' dir='ltr'>in</span> <span class='ocrx_word' id='word_1_209' title='bbox 1626 3435 1726 3500; x_wconf 89' lang='lat' dir='ltr'>altera</span> <span class='ocrx_word' id='word_1_210' title='bbox 1750 3435 1825 3500; x_wconf 86' lang='lat' dir='ltr'>sede</span> <span class='ocrx_word' id='word_1_211' title='bbox 1844 3435 2077 3521; x_wconf 88' lang='lat' dir='ltr'>aXenophane</span> 
     </span>
     <span class='ocr_line' id='line_1_23' title="bbox 368 3544 1309 3629; baseline -0.001 -22"><span class='ocrx_word' id='word_1_212' title='bbox 368 3545 543 3628; x_wconf 84' lang='lat' dir='ltr'>spondeum</span> <span class='ocrx_word' id='word_1_213' title='bbox 567 3545 702 3629; x_wconf 90' lang='lat' dir='ltr'>positum</span> <span class='ocrx_word' id='word_1_214' title='bbox 728 3565 799 3609; x_wconf 80' lang='lat' dir='ltr'>csse</span> <span class='ocrx_word' id='word_1_215' title='bbox 823 3566 862 3608; x_wconf 79' lang='lat' dir='ltr'>en·</span> <span class='ocrx_word' id='word_1_216' title='bbox 885 3544 946 3608; x_wconf 90' lang='lat' dir='ltr'>hoc</span> <span class='ocrx_word' id='word_1_217' title='bbox 970 3551 1143 3629; x_wconf 89' lang='lat' dir='ltr'>conspectu</span> <span class='ocrx_word' id='word_1_218' title='bbox 1166 3550 1309 3628; x_wconf 87' lang='lat' dir='ltr'>apparet.</span> 
     </span>
    </p>
   </div>
   <div class='ocr_carea' id='block_1_9' title="bbox 365 3685 2075 3879">
    <p class='ocr_par' dir='ltr' id='par_1_9' title="bbox 365 3685 2075 3879">
     <span class='ocr_line' id='line_1_24' title="bbox 528 3685 2075 3772; baseline 0 -21"><span class='ocrx_word' id='word_1_219' title='bbox 528 3687 667 3752; x_wconf 81' lang='lat' dir='ltr'>Eandem</span> <span class='ocrx_word' id='word_1_220' title='bbox 691 3688 757 3752; x_wconf 83' lang='lat' dir='ltr'>iero</span> <span class='ocrx_word' id='word_1_221' title='bbox 781 3687 932 3751; x_wconf 86' lang='lat' dir='ltr'>rationem</span> <span class='ocrx_word' id='word_1_222' title='bbox 957 3688 997 3750; x_wconf 93' lang='lat' dir='ltr'>ab</span> <span class='ocrx_word' id='word_1_223' title='bbox 1022 3685 1215 3772; x_wconf 80' lang='lat' dir='ltr'>Empedoole</span> <span class='ocrx_word' id='word_1_224' title='bbox 1239 3685 1437 3751; x_wconf 85' lang='lat' dir='ltr'>observatam</span> <span class='ocrx_word' id='word_1_225' title='bbox 1462 3687 1613 3766; x_wconf 88' lang='lat' dir='ltr'>videmus,</span> <span class='ocrx_word' id='word_1_226' title='bbox 1637 3688 1755 3772; x_wconf 91' lang='lat' dir='ltr'>qnippe</span> <span class='ocrx_word' id='word_1_227' title='bbox 1778 3708 1797 3750; x_wconf 89' lang='lat' dir='ltr'>a</span> <span class='ocrx_word' id='word_1_228' title='bbox 1820 3706 1881 3768; x_wconf 91' lang='lat' dir='ltr'>qno</span> <span class='ocrx_word' id='word_1_229' title='bbox 1905 3688 2003 3753; x_wconf 79' lang='lat' dir='ltr'>vicies</span> <span class='ocrx_word' id='word_1_230' title='bbox 2027 3689 2075 3752; x_wconf 89' lang='lat' dir='ltr'>bis</span> 
     </span>
     <span class='ocr_line' id='line_1_25' title="bbox 365 3792 2075 3879; baseline 0.002 -23"><span class='ocrx_word' id='word_1_231' title='bbox 365 3793 401 3856; x_wconf 93' lang='lat' dir='ltr'>in</span> <span class='ocrx_word' id='word_1_232' title='bbox 426 3794 569 3859; x_wconf 89' lang='lat' dir='ltr'>centenis</span> <span class='ocrx_word' id='word_1_233' title='bbox 592 3796 736 3859; x_wconf 83' lang='lat' dir='ltr'>versibus</span> <span class='ocrx_word' id='word_1_234' title='bbox 759 3795 891 3858; x_wconf 83' lang='lat' dir='ltr'>alterum</span> <span class='ocrx_word' id='word_1_235' title='bbox 915 3794 1028 3879; x_wconf 91' lang='lat' dir='ltr'>pedem</span> <span class='ocrx_word' id='word_1_236' title='bbox 1052 3794 1194 3877; x_wconf 90' lang='lat' dir='ltr'>spondeo</span> <span class='ocrx_word' id='word_1_237' title='bbox 1219 3793 1378 3858; x_wconf 90' lang='lat' dir='ltr'>conditum</span> <span class='ocrx_word' id='word_1_238' title='bbox 1402 3811 1471 3857; x_wconf 88' lang='lat' dir='ltr'>csse</span> <span class='ocrx_word' id='word_1_239' title='bbox 1495 3792 1602 3856; x_wconf 88' lang='lat' dir='ltr'>tabula</span> <span class='ocrx_word' id='word_1_240' title='bbox 1624 3793 1705 3857; x_wconf 85' lang='lat' dir='ltr'>inira</span> <span class='ocrx_word' id='word_1_241' title='bbox 1728 3794 1832 3878; x_wconf 88' lang='lat' dir='ltr'>posita</span> <span class='ocrx_word' id='word_1_242' title='bbox 1856 3805 2075 3877; x_wconf 88' lang='lat' dir='ltr'>cognoscatur.</span> 
     </span>
    </p>
   </div>
   <div class='ocr_carea' id='block_1_10' title="bbox 367 3937 2078 4130">
    <p class='ocr_par' dir='ltr' id='par_1_10' title="bbox 367 3937 2078 4130">
     <span class='ocr_line' id='line_1_26' title="bbox 530 3937 2078 4024; baseline 0.001 -24"><span class='ocrx_word' id='word_1_243' title='bbox 530 3937 565 4001; x_wconf 94' lang='lat' dir='ltr'>ln</span> <span class='ocrx_word' id='word_1_244' title='bbox 591 3939 686 4002; x_wconf 88' lang='lat' dir='ltr'>tertia</span> <span class='ocrx_word' id='word_1_245' title='bbox 709 3939 786 4002; x_wconf 83' lang='lat' dir='ltr'>sede</span> <span class='ocrx_word' id='word_1_246' title='bbox 814 3946 929 4024; x_wconf 77' lang='lat' dir='ltr'>poetae</span> <span class='ocrx_word' id='word_1_247' title='bbox 953 3937 1102 4022; x_wconf 89' lang='lat' dir='ltr'>dactylici</span> <span class='ocrx_word' id='word_1_248' title='bbox 1126 3944 1274 4020; x_wconf 86' lang='lat' dir='ltr'>qnantum</span> <span class='ocrx_word' id='word_1_249' title='bbox 1302 3945 1473 4022; x_wconf 90' lang='lat' dir='ltr'>potnerunt</span> <span class='ocrx_word' id='word_1_250' title='bbox 1500 3937 1672 4022; x_wconf 88' lang='lat' dir='ltr'>spondeum</span> <span class='ocrx_word' id='word_1_251' title='bbox 1696 3938 1886 4018; x_wconf 82' lang='lat' dir='ltr'>vitaverunt,</span> <span class='ocrx_word' id='word_1_252' title='bbox 1916 3959 1956 4002; x_wconf 89' lang='lat' dir='ltr'>ne</span> <span class='ocrx_word' id='word_1_253' title='bbox 1985 3938 2078 4004; x_wconf 92' lang='lat' dir='ltr'>nimis</span> 
     </span>
     <span class='ocr_line' id='line_1_27' title="bbox 367 4043 1112 4130; baseline 0.001 -24"><span class='ocrx_word' id='word_1_254' title='bbox 367 4043 578 4125; x_wconf 88' lang='lat' dir='ltr'>aequabiliter</span> <span class='ocrx_word' id='word_1_255' title='bbox 600 4065 710 4110; x_wconf 79' lang='lat' dir='ltr'>versus</span> <span class='ocrx_word' id='word_1_256' title='bbox 733 4055 842 4130; x_wconf 89' lang='lat' dir='ltr'>partes</span> <span class='ocrx_word' id='word_1_257' title='bbox 865 4045 956 4109; x_wconf 90' lang='lat' dir='ltr'>ambo</span> <span class='ocrx_word' id='word_1_258' title='bbox 979 4045 1112 4108; x_wconf 86' lang='lat' dir='ltr'>exirent.</span> 
     </span>
    </p>
   </div>
   <div class='ocr_carea' id='block_1_11' title="bbox 367 4185 2077 4701">
    <p class='ocr_par' dir='ltr' id='par_1_11' title="bbox 367 4185 2077 4701">
     <span class='ocr_line' id='line_1_28' title="bbox 529 4185 2077 4274; baseline 0.003 -24"><span class='ocrx_word' id='word_1_259' title='bbox 529 4185 566 4251; x_wconf 92' lang='lat' dir='ltr'>ln</span> <span class='ocrx_word' id='word_1_260' title='bbox 591 4188 774 4274; x_wconf 82' lang='lat' dir='ltr'>fragmentis</span> <span class='ocrx_word' id='word_1_261' title='bbox 797 4188 1012 4274; x_wconf 80' lang='lat' dir='ltr'>xenophaneis</span> <span class='ocrx_word' id='word_1_262' title='bbox 1043 4187 1180 4270; x_wconf 89' lang='lat' dir='ltr'>quinque</span> <span class='ocrx_word' id='word_1_263' title='bbox 1207 4207 1318 4251; x_wconf 83' lang='lat' dir='ltr'>versus</span> <span class='ocrx_word' id='word_1_264' title='bbox 1346 4189 1426 4252; x_wconf 88' lang='lat' dir='ltr'>tales</span> <span class='ocrx_word' id='word_1_265' title='bbox 1453 4188 1655 4252; x_wconf 84' lang='lat' dir='ltr'>inveniuntur</span> <span class='ocrx_word' id='word_1_266' title='bbox 1682 4189 1788 4262; x_wconf 50' lang='lat'>3044,</span> <span class='ocrx_word' id='word_1_267' title='bbox 1822 4191 1895 4268; x_wconf 55' lang='lat' dir='ltr'>low</span> <span class='ocrx_word' id='word_1_268' title='bbox 1926 4190 1988 4270; x_wconf 74' lang='lat'>26„</span> <span class='ocrx_word' id='word_1_269' title='bbox 2022 4191 2077 4272; x_wconf 91' lang='lat' dir='ltr'>qni</span> 
     </span>
     <span class='ocr_line' id='line_1_29' title="bbox 369 4291 2076 4380; baseline 0.004 -26"><span class='ocrx_word' id='word_1_270' title='bbox 369 4291 471 4357; x_wconf 90' lang='lat' dir='ltr'>ultimi</span> <span class='ocrx_word' id='word_1_271' title='bbox 496 4295 558 4360; x_wconf 90' lang='lat' dir='ltr'>dno</span> <span class='ocrx_word' id='word_1_272' title='bbox 581 4316 691 4360; x_wconf 87' lang='lat' dir='ltr'>versus</span> <span class='ocrx_word' id='word_1_273' title='bbox 715 4295 891 4380; x_wconf 89' lang='lat' dir='ltr'>spondeum</span> <span class='ocrx_word' id='word_1_274' title='bbox 916 4296 1010 4360; x_wconf 89' lang='lat' dir='ltr'>etiam</span> <span class='ocrx_word' id='word_1_275' title='bbox 1034 4295 1066 4359; x_wconf 95' lang='lat' dir='ltr'>in</span> <span class='ocrx_word' id='word_1_276' title='bbox 1089 4295 1191 4380; x_wconf 85' lang='lat' dir='ltr'>prima</span> <span class='ocrx_word' id='word_1_277' title='bbox 1214 4304 1247 4358; x_wconf 90' lang='lat' dir='ltr'>et</span> <span class='ocrx_word' id='word_1_278' title='bbox 1269 4294 1371 4358; x_wconf 86' lang='lat' dir='ltr'>altera</span> <span class='ocrx_word' id='word_1_279' title='bbox 1393 4295 1469 4358; x_wconf 87' lang='lat' dir='ltr'>sede</span> <span class='ocrx_word' id='word_1_280' title='bbox 1493 4293 1627 4375; x_wconf 88' lang='lat' dir='ltr'>habent;</span> <span class='ocrx_word' id='word_1_281' title='bbox 1651 4295 1682 4358; x_wconf 93' lang='lat' dir='ltr'>in</span> <span class='ocrx_word' id='word_1_282' title='bbox 1707 4295 1921 4380; x_wconf 89' lang='lat' dir='ltr'>empedocleis</span> <span class='ocrx_word' id='word_1_283' title='bbox 1945 4297 2076 4380; x_wconf 78' lang='lat' dir='ltr'>triginta</span> 
     </span>
     <span class='ocr_line' id='line_1_30' title="bbox 368 4401 2075 4489; baseline 0.003 -28"><span class='ocrx_word' id='word_1_284' title='bbox 368 4417 435 4478; x_wconf 86' lang='lat' dir='ltr'>sex,</span> <span class='ocrx_word' id='word_1_285' title='bbox 465 4423 504 4466; x_wconf 87' lang='lat' dir='ltr'>cx</span> <span class='ocrx_word' id='word_1_286' title='bbox 529 4402 642 4485; x_wconf 91' lang='lat' dir='ltr'>quibus</span> <span class='ocrx_word' id='word_1_287' title='bbox 665 4423 722 4466; x_wconf 87' lang='lat' dir='ltr'>sex</span> <span class='ocrx_word' id='word_1_288' title='bbox 746 4421 855 4466; x_wconf 79' lang='lat' dir='ltr'>versus</span> <span class='ocrx_word' id='word_1_289' title='bbox 878 4403 972 4465; x_wconf 87' lang='lat' dir='ltr'>tertio</span> <span class='ocrx_word' id='word_1_290' title='bbox 1000 4409 1119 4466; x_wconf 89' lang='lat' dir='ltr'>tantum</span> <span class='ocrx_word' id='word_1_291' title='bbox 1148 4401 1218 4466; x_wconf 92' lang='lat' dir='ltr'>loco</span> <span class='ocrx_word' id='word_1_292' title='bbox 1246 4401 1419 4486; x_wconf 92' lang='lat' dir='ltr'>spondeum</span> <span class='ocrx_word' id='word_1_293' title='bbox 1447 4401 1575 4466; x_wconf 87' lang='lat' dir='ltr'>habent.</span> <span class='ocrx_word' id='word_1_294' title='bbox 1602 4437 1642 4448; x_wconf 92' lang='lat'>-·</span> <span class='ocrx_word' id='word_1_295' title='bbox 1667 4401 1784 4468; x_wconf 84' lang='lat' dir='ltr'>Versus</span> <span class='ocrx_word' id='word_1_296' title='bbox 1812 4423 1897 4467; x_wconf 89' lang='lat' dir='ltr'>mere</span> <span class='ocrx_word' id='word_1_297' title='bbox 1926 4403 2075 4489; x_wconf 89' lang='lat' dir='ltr'>dactylici</span> 
     </span>
     <span class='ocr_line' id='line_1_31' title="bbox 367 4506 2076 4594; baseline 0.004 -26"><span class='ocrx_word' id='word_1_298' title='bbox 367 4506 409 4569; x_wconf 89' lang='lat' dir='ltr'>ab</span> <span class='ocrx_word' id='word_1_299' title='bbox 434 4508 494 4572; x_wconf 91' lang='lat' dir='ltr'>hoc</span> <span class='ocrx_word' id='word_1_300' title='bbox 517 4511 720 4594; x_wconf 81' lang='lat' dir='ltr'>septuaginta</span> <span class='ocrx_word' id='word_1_301' title='bbox 742 4529 808 4590; x_wconf 79' lang='lat' dir='ltr'>sen,</span> <span class='ocrx_word' id='word_1_302' title='bbox 833 4509 853 4576; x_wconf 87' lang='lat' dir='ltr'>i.</span> <span class='ocrx_word' id='word_1_303' title='bbox 879 4530 906 4572; x_wconf 91' lang='lat' dir='ltr'>e.</span> <span class='ocrx_word' id='word_1_304' title='bbox 932 4509 1114 4574; x_wconf 88' lang='lat' dir='ltr'>undevicies</span> <span class='ocrx_word' id='word_1_305' title='bbox 1142 4529 1182 4572; x_wconf 85' lang='lat' dir='ltr'>ex</span> <span class='ocrx_word' id='word_1_306' title='bbox 1211 4509 1354 4574; x_wconf 88' lang='lat' dir='ltr'>centenis</span> <span class='ocrx_word' id='word_1_307' title='bbox 1383 4508 1535 4588; x_wconf 79' lang='lat' dir='ltr'>versibus,</span> <span class='ocrx_word' id='word_1_308' title='bbox 1563 4509 1602 4570; x_wconf 87' lang='lat' dir='ltr'>ab</span> <span class='ocrx_word' id='word_1_309' title='bbox 1630 4507 1686 4572; x_wconf 94' lang='lat' dir='ltr'>illo</span> <span class='ocrx_word' id='word_1_310' title='bbox 1713 4519 1778 4572; x_wconf 88' lang='lat' dir='ltr'>tres</span> <span class='ocrx_word' id='word_1_311' title='bbox 1806 4509 1884 4586; x_wconf 56' lang='lat'>22,</span> <span class='ocrx_word' id='word_1_312' title='bbox 1914 4509 1966 4574; x_wconf 79' lang='lat'>⁴25.</span> <span class='ocrx_word' id='word_1_313' title='bbox 1996 4509 2076 4589; x_wconf 85' lang='lat'><strong>34„.</strong></span> 
     </span>
     <span class='ocr_line' id='line_1_32' title="bbox 368 4616 640 4701; baseline 0.011 -21"><span class='ocrx_word' id='word_1_314' title='bbox 368 4616 535 4701; x_wconf 89' lang='lat' dir='ltr'>compositi</span> <span class='ocrx_word' id='word_1_315' title='bbox 558 4627 640 4683; x_wconf 90' lang='lat' dir='ltr'>sunt.</span> 
     </span>
    </p>
   </div>
   <div class='ocr_carea' id='block_1_12' title="bbox 2325 1517 2334 1796">
    <p class='ocr_par' dir='ltr' id='par_1_12' title="bbox 2325 1481 2334 1844">
     <span class='ocr_line' id='line_1_33' title="bbox 2325 1517 2334 1796; baseline 0 -302"><span class='ocrx_word' id='word_1_316' title='bbox 2325 1517 2334 1796; x_wconf 39' lang='lat' dir='ltr'><strong>ff</strong></span> 
     </span>
    </p>
   </div>
   <div class='ocr_carea' id='block_1_13' title="bbox 0 0 2350 5844">
    <p class='ocr_par' dir='ltr' id='par_1_13' title="bbox 0 0 2350 5844">
     <span class='ocr_line' id='line_1_34' title="bbox 0 0 2350 5844; baseline 0 0"><span class='ocrx_word' id='word_1_317' title='bbox 0 0 2350 5844; x_wconf 95' lang='lat' dir='ltr'> </span> 
     </span>
    </p>
   </div>
  </div>
 </body>
</html>
