4690 5850
1101 647 1314 744 L

514 861 559 926 Ex
577 864 636 926 hnc
654 863 761 927 tabula
776 871 910 947 apparet
925 866 1037 948 poetas
1054 862 1213 946 elegiacos
1232 861 1464 944 antiquissimos
1488 881 1507 924 a
1530 859 1658 943 dactylo
1673 868 1903 944 pentametrum
1920 859 2063 943 incipere

267 1057 270 1063 ¹
354 969 577 1052 consuevisse3
612 991 683 1033 nam
716 991 756 1033 ex
796 970 938 1034 centenis
973 970 1179 1054 pentametris
1215 967 1354 1033 Oallinue
1380 968 1411 1031 in
1437 969 1489 1048 59,
1525 967 1733 1032 Archilochus
1761 967 1792 1031 iu
1817 967 1870 1046 57,
1905 964 2063 1050 Tyrtaeus

356 1077 386 1141 iu
411 1079 453 1142 59
481 1077 638 1161 dactylum
667 1078 698 1140 iu
727 1076 833 1161 capite
860 1077 967 1142 habet.
1014 1076 1211 1161 Dactylicum
1246 1076 1368 1140 initium
1397 1097 1416 1138 a
1441 1073 1614 1160 spondaico
1639 1075 1783 1159 superari
1809 1074 1893 1159 apud
1918 1072 2064 1138 Solonem

354 1185 505 1249 ridemus.

515 1307 579 1373 Sed
603 1329 731 1393 prorsus
756 1309 848 1373 aliam
874 1309 1025 1374 rationem
1050 1331 1069 1373 a
1092 1309 1288 1393 Xenophane
1311 1308 1510 1372 observatam
1527 1307 1757 1390 cognoscimus,
1782 1327 1851 1371 enm
1867 1327 1907 1371 ex
1924 1307 2066 1370 centenis

356 1418 396 1482 72
421 1439 439 1480 a
463 1437 590 1481 numero
615 1418 789 1501 spondaico
812 1417 986 1482 ordiantur.
1010 1436 1051 1480 ex
1074 1417 1188 1499 quibus
1211 1417 1254 1480 45
1279 1438 1295 1479 a
1321 1416 1444 1480 duobus
1468 1415 1626 1499 spondeis.

514 1542 603 1606 Haec
628 1543 860 1626 argumentatio
885 1542 1082 1606 demonstrat
1104 1541 1205 1605 nostri
1230 1541 1383 1605 rationem
1400 1541 1493 1604 ualde
1517 1539 1684 1604 discedere
1707 1541 1747 1603 ab
1771 1539 2066 1622 antiquissimorum,

353 1649 497 1734 proxime
521 1661 626 1714 autem
656 1649 811 1714 accedere
836 1650 876 1713 ad
901 1648 1059 1730 Solonem,
1097 1649 1184 1714 euius
1218 1648 1362 1733 plerique
1393 1648 1583 1733 pentametri
1606 1669 1623 1710 a
1648 1647 1769 1714 duobus
1801 1647 1951 1731 spondeis
1985 1647 2068 1732 prin·

352 1757 470 1842 cipium
496 1757 635 1841 capiunt.

942 1929 1477 1985 *wm-

1086 2355 1157 2444 De
1185 2359 1343 2443 hiatu.

516 2521 594 2586 lude
617 2523 657 2585 ab
687 2522 914 2604 antiquissimis
945 2522 1137 2606 temporibus
1165 2525 1330 2606 podtarum
1363 2521 1523 2606 epicorum
1548 2531 1582 2585 ct
1613 2521 1823 2604 elegiacoruur
1851 2543 1917 2586 mos
1945 2532 2003 2602 est,
2032 2533 2068 2586 ut

352 2629 481 2694 vocales
513 2630 627 2713 longae
660 2631 691 2693 in
725 2630 806 2693 thesi
835 2637 909 2693 ante
938 2630 1049 2712 longas
1080 2630 1112 2691 in
1140 2629 1204 2692 arsi
1236 2629 1456 2714 oonipiantur.
1503 2628 1566 2693 Hic
1600 2649 1683 2704 neus,
1720 2649 1810 2710 quem
1840 2628 2065 2714 Xenophanem

351 2751 479 2820 quoque
502 2737 591 2819 sequi
615 2745 859 2801 consentaneum
884 2745 942 2817 est,
967 2757 1026 2821 pro
1049 2748 1110 2800 tam
1136 2736 1301 2821 explorato
1325 2736 1490 2800 habendus
1515 2745 1573 2815 est,
1598 2747 1632 2799 ut
1655 2736 1734 2800 nihil
1758 2736 1809 2816 eit,
1834 2737 1917 2818 quod
1942 2739 2065 2822 longius

350 2844 395 2908 de
412 2866 450 2908 eu
474 2845 573 2908 rerba
597 2843 758 2908 faciamus.

516 2969 739 3034 Productionis
763 2969 903 3032 brevium
928 2968 1117 3054 syllabarum
1141 2977 1214 3032 ante
1238 2968 1389 3050 quasdam
1415 2977 1624 3033 consonantes
1642 2967 1684 3048 (λ,
1707 2992 1742 3050 μ,
1766 2990 1794 3038 u.
1818 2991 1846 3050 ρ,
1870 2969 1899 3045 δ,
1919 2969 2067 3053 fletque

351 3076 437 3140 adeo
459 3075 598 3155 vocales,
623 3097 714 3158 quam
738 3076 778 3139 ab
803 3075 941 3139 Homero
965 3095 1120 3160 persaepe
1147 3085 1326 3160 usurpatam
1356 3086 1490 3156 constat,
1520 3076 1576 3140 sed
1603 3096 1683 3158 quae
1707 3081 1747 3142 ah
1774 3077 1823 3156 iis,
1859 3079 1912 3160 qui
1938 3077 2067 3142 Homeri

349 3189 454 3248 artem
482 3184 645 3248 metricam
672 3183 886 3260 imitabantur,
923 3183 984 3245 nisi
1009 3183 1039 3244 in
1068 3182 1179 3246 iisdem
1203 3182 1334 3246 vocibus
1369 3190 1465 3264 atque
1493 3183 1533 3246 ab
1564 3181 1703 3248 Homero
1738 3185 1958 3266 adhibebatur,
1994 3187 2067 3250 talis

351 3290 571 3376 productionis
596 3291 770 3374 exemplum
795 3290 879 3374 apud
903 3289 1129 3374 Xenophanem
1154 3309 1215 3354 non
1241 3289 1409 3353 invenitur.

516 3415 606 3494 Quod
633 3425 736 3479 autem
767 3436 824 3479 usu
850 3419 1013 3500 poetarum
1050 3415 1146 3494 venit,
1183 3423 1217 3478 ut
1254 3415 1368 3496 longae
1407 3415 1533 3479 vocales
1568 3415 1599 3479 in
1637 3417 1700 3480 arsi
1734 3425 1808 3482 ante
1843 3417 1969 3482 vocales
2003 3438 2065 3481 non

353 3525 526 3601 elidantur,
550 3524 764 3607 Xenophanes
787 3523 877 3586 huius
901 3522 948 3586 rei
972 3523 1116 3606 exempla
1140 3523 1202 3585 duo
1227 3522 1378 3606 praebet:

570 3656 612 3714 22
638 3685 679 3694 -
704 3649 788 3716 πόσα
813 3676 856 3717 ‘ror
884 3649 938 3740 ἔτη
963 3643 1039 3729 ἐστί,
1063 3649 1190 3735 φέριστε

572 3774 614 3838 24
639 3758 734 3850 οὖλος
758 3769 833 3861 ὁρςῐ,
858 3757 953 3850 οὖλος
978 3773 1011 3841 δὲ
1037 3785 1112 3854 νοεῖ,
1138 3757 1232 3848 nilide
1257 3774 1295 3836 δέ
1317 3767 1342 3839 r'
1366 3769 1475 3840 duorlar

357 3899 389 3961 in
412 3918 474 3980 quo
498 3918 590 3962 versu
614 3898 663 3961 bis
686 3898 768 3960 hanc
790 3898 931 3962 elisionis
956 3898 1184 3982 neglectionem
1209 3899 1422 3962 observamus.

521 4022 650 4091 Carenem
686 4032 787 4087 autern
818 4024 915 4088 nobis
950 4024 1040 4087 huius
1072 4025 1116 4086 rei
1152 4024 1377 4105 quaerentibus
1412 4023 1493 4086 idem
1530 4023 1642 4088 Hartel
1681 4025 1764 4090 1814
1789 4048 1819 4110 p.
1845 4027 1909 4090 329
1934 4048 1992 4109 sqq
2026 4027 2065 4090 ad

360 4130 605 4195 conservandam
631 4131 757 4214 longam
781 4130 922 4194 vocalem
946 4131 1052 4194 valere
1077 4131 1305 4194 demonstrarit
1327 4131 1433 4210 ausim,
1458 4141 1567 4215 utpote
1591 4153 1652 4214 qua
1676 4134 1839 4215 quominus
1857 4135 1974 4198 vocalis
1998 4155 2066 4198 eum

357 4237 461 4302 vocali
486 4257 547 4300 uno
570 4237 682 4321 spiritu
707 4239 928 4322 pronuntietur
951 4275 991 4283 —
1016 4238 1048 4300 id
1072 4238 1155 4319 quod
1182 4238 1216 4301 lit
1244 4238 1445 4322 correptione
1469 4238 1630 4322 longarum
1654 4240 1808 4306 vocalium
1832 4241 1863 4302 in
1889 4241 1970 4304 thesi
1994 4253 2067 4304 ante

355 4343 471 4428 longas
493 4345 525 4408 in
549 4347 610 4408 arsi
638 4382 677 4391 —
702 4343 901 4430 impediatur.
