4690 5850
1265 623 1303 684 10

1140 830 1294 1010 cap.
1342 834 1401 976 ll.

1059 1065 1137 1148 De
1171 1065 1469 1148 caesuris.

574 1283 769 1346 Hexarneter
792 1281 976 1364 dactylicus,
1002 1279 1054 1361 qui
1083 1280 1207 1364 longior
1229 1289 1279 1344 est
1306 1301 1396 1362 qnam
1426 1289 1460 1344 ut
1488 1300 1549 1343 uno
1573 1279 1685 1363 spiritu
1709 1278 1942 1362 pronuntietur,
1975 1286 2014 1340 ut
2039 1298 2141 1362 pausa

410 1391 601 1468 intercedat,
627 1389 833 1453 incisionibus
857 1389 925 1452 sive
949 1388 1089 1452 caesuris
1113 1389 1219 1451 utitur.

573 1513 745 1578 Nominant
772 1525 876 1576 autem
909 1513 1105 1596 grammatici
1133 1512 1165 1575 iu
1197 1513 1380 1576 hexametro
1413 1512 1571 1596 dactylico
1600 1531 1747 1575 caesuras
1776 1519 1935 1591 quattuor,
1974 1509 2009 1572 in
2043 1510 2141 1572 tertio

412 1623 494 1708 pede
518 1621 771 1703 semiquinariam
795 1630 828 1684 et
851 1620 1053 1698 trochaicam,
1077 1621 1109 1682 in
1134 1630 1246 1701 quarto
1270 1619 1560 1703 semiseptenariam
1584 1628 1617 1682 et
1640 1618 1824 1682 bucolicarn.

572 1744 707 1808 Praeter
731 1745 787 1807 has
811 1764 888 1826 quas
912 1753 1029 1808 vocant
1049 1763 1196 1807 caesuras
1225 1743 1358 1806 maiores
1383 1751 1415 1805 et
1439 1763 1479 1805 ox
1503 1743 1615 1824 quibus
1644 1763 1705 1804 una
1728 1740 1778 1806 vel
1809 1742 1910 1804 altera
1942 1741 2141 1804 hexameter

412 1852 587 1937 dactylicus
611 1871 721 1915 carere
745 1872 806 1914 non
836 1851 942 1930 debet,
971 1850 1050 1912 alias
1074 1869 1221 1913 caesuras
1245 1871 1264 1912 a
1286 1849 1391 1933 poetis
1421 1849 1564 1912 adhiberi
1588 1849 1740 1927 videmus,
1769 1869 1850 1930 quae
1878 1849 1919 1911 ad
1951 1848 2138 1930 augendam

412 1979 521 2024 versus
550 1959 734 2022 varietatem
768 1957 887 2038 aliquid
921 1957 1095 2035 conserant,
1129 1957 1216 2020 velut
1246 1955 1506 2036 semiternnriam,
1540 1956 1830 2034 seminovenariam,
1864 1975 2023 2020 caesuras
2058 1949 2139 2014 κατα

412 2069 563 2146 πέμπτον
589 2071 740 2145 τροχαῖον
768 2079 801 2128 et
829 2057 916 2125 anari
942 2065 1089 2144 τέταρτον
1117 2069 1278 2144 τροχαῖον.
1325 2060 1406 2141 Quin
1433 2072 1507 2146 post
1534 2063 1705 2146 quamlibet
1733 2063 1885 2146 syllabam
1914 2063 2039 2126 incisio
2070 2063 2138 2125 lieri

411 2181 519 2257 potest
541 2171 587 2234 ita
611 2171 699 2234 utin
723 2170 906 2234 hexametro
929 2169 1086 2253 dactylico
1108 2169 1245 2232 sedecim
1271 2189 1417 2234 caesuras
1442 2191 1605 2234 numerare
1630 2171 1734 2235 liceat.

573 2293 787 2360 Usitatissima
815 2303 866 2358 est
893 2294 976 2379 apud
1009 2303 1120 2378 poetas
1149 2315 1211 2358 uon
1239 2295 1332 2358 modo
1362 2315 1495 2377 graecos
1523 2295 1578 2358 sed
1609 2296 1702 2358 etiam
1737 2295 1850 2360 latinos
1878 2317 2021 2360 caesura
2052 2297 2136 2360 tertii

411 2403 513 2487 pedis.
559 2401 663 2483 Atque
688 2401 772 2486 apud
798 2401 969 2465 Homerum
993 2401 1117 2482 quidem
1143 2421 1290 2464 caesuras
1313 2403 1568 2484 semiquinariam
1594 2413 1627 2465 et
1651 2403 1841 2465 trochaicum
1871 2402 2042 2484 aequabili
2073 2403 2135 2465 sere

414 2529 552 2588 numero,
589 2509 645 2572 sed
674 2509 757 2572 hanc
784 2508 891 2593 paullo
919 2509 1045 2590 saepius
1076 2529 1166 2590 quam
1198 2508 1283 2572 illam
1319 2509 1453 2572 inveniri
1483 2509 1617 2573 virorum
1654 2509 1815 2572 doctorum
1851 2509 2133 2592 disquisitionibus

410 2615 609 2701 exploratum
634 2625 693 2680 est.

574 2740 667 2825 Apud
686 2741 859 2804 Hesiodum
883 2761 1013 2804 caesura
1036 2740 1198 2804 trochaica
1223 2740 1474 2822 semiquinarian
1501 2739 1597 2823 duplo
1620 2740 1684 2804 lere
1709 2749 1846 2826 superat.
1865 2779 1905 2786 —
1925 2743 2052 2806 Eadem
2071 2745 2130 2806 sere

414 2847 495 2912 ratio
520 2846 723 2931 Empedoclis
750 2855 808 2928 est,
845 2849 897 2929 qni
929 2867 969 2910 ex
997 2847 1140 2910 centenis
1167 2848 1310 2910 versibus
1337 2848 1504 2930 sexaginta
1532 2848 1668 2930 quinque
1695 2849 1866 2926 trochaica,
1902 2850 2043 2931 triginta
2073 2863 2129 2911 tres

414 2955 637 3037 semiquinaria
660 2955 794 3018 ornavit.

573 3078 712 3142 Maiores
736 3089 838 3144 autem
869 3089 977 3163 partes
1002 3099 1162 3142 caesuram
1188 3079 1380 3143 trochaicam
1404 3079 1435 3141 in
1460 3079 1664 3162 Xenophanis
1688 3079 1828 3161 reliquiis
1856 3079 1958 3164 opicis
1984 3083 2123 3144 obtinere

412 3187 564 3264 videmus,
588 3207 659 3248 nam
683 3187 742 3248 hac
765 3187 879 3270 viginti
904 3197 979 3265 tres,
1003 3186 1060 3248 illa
1082 3187 1227 3250 undecim
1252 3207 1361 3250 versus
1386 3187 1505 3250 conditi
1530 3197 1611 3249 sunt.

575 3309 769 3374 Coniunctae
793 3321 897 3374 autom
922 3331 992 3375 esse
1016 3311 1119 3375 solent
1142 3331 1293 3375 caesurae
1319 3312 1483 3375 trochaica
1512 3312 1598 3375 tertii
1627 3311 1717 3395 pedis
1742 3320 1776 3375 et
1803 3312 2033 3393 semiquinaria
2064 3331 2126 3374 eun

412 3437 545 3481 caesura
572 3417 678 3499 aliqua
706 3418 809 3498 quarti
837 3419 941 3502 pedis,
970 3418 1232 3502 semiseptenaria
1255 3419 1306 3482 nel
1334 3418 1488 3490 bucolica,
1513 3439 1584 3482 raro
1613 3419 1861 3482 serninoveuaria
1885 3419 1935 3481 vel
1968 3417 2126 3482 trochaica

410 3525 516 3606 quinti
540 3525 642 3608 pedis.

576 3649 669 3733 Apud
693 3648 919 3732 Xenophanem
944 3669 1075 3712 caesura
1097 3651 1328 3712 trochaica
1351 3652 1478 3713 tertii
1502 3652 1630 3730 pedis
1655 3651 1814 3713 inuenitur·

629 3771 661 3856 a)
687 3795 756 3838 curn
780 3773 1079 3856 semiseptenaria
1102 3775 1285 3839 duodecies:

687 3883 726 3943 lll
750 3877 785 3956 ἐξ
809 3875 912 3966 ἀρχῆς
936 3877 1013 3944 xae'
1028 3875 1180 3966 Ὅμηρον,
1204 3877 1276 3944 ἐπεὶ
1300 3878 1517 3969 μεμαθήκασι
1543 3875 1661 3948 πάντες

731 3996 807 4065 ra„
836 3991 910 4071 14„
946 3993 1016 4069 ns,
1042 3991 1120 4066 aa,
1147 3992 1226 4068 ru,
1251 3988 1329 4066 ee,
1354 3988 1432 4068 so,
1458 3989 1536 4064 aa,
1563 3989 1667 4066 34„.,.
1693 3988 1745 4053 si.

633 4111 666 4198 b)
691 4135 759 4177 cum
784 4113 944 4179 bucolice
968 4114 1151 4179 duodecies:

687 4223 748 4298 ll„
778 4215 885 4281 irritus
909 4215 1019 4282 θεοῖό
1043 4217 1213 4304 ἀνέθηκαν
1228 4200 1368 4305 Ὅμηρας
1391 4214 1427 4282 e'
1449 4215 1606 4292 Ἡσίοδός
1629 4241 1663 4282 ra

732 4330 809 4406 ll‚2.
839 4329 913 4405 ¹51³·
939 4329 1017 4406 ⁴22„.
1043 4327 1122 4408 23sp
1147 4329 1199 4390 'lin
1226 4329 1305 4406 lep.
1331 4328 1382 4390 ii3.
1409 4329 1487 4408 34„.
1513 4327 1565 4390 35.
1590 4329 1643 4390 30.
1668 4333 1746 4406 :lew

633 4457 663 4534 c)
688 4472 756 4514 cum
782 4450 1066 4517 seminorensrla
1090 4463 1217 4534 quater:

688 4564 752 4639 ll,3
779 4557 926 4620 κλέπτειν
949 4553 1147 4638 μοιχεύειντε
1172 4555 1225 4620 καὶ
1249 4555 1418 4646 α’λλήλοας
1440 4555 1613 4623 tinniensis·

735 4665 810 4745 15,2.
837 4665 915 4743 223.
940 4667 1019 4742 34‚2.

633 4791 666 4869 d)
691 4811 759 4854 cum
784 4805 874 4856 caes.
899 4789 1013 4854 troch.
1037 4788 1075 4853 v.
1098 4787 1180 4872 ped.

688 4897 735 4960 bis
762 4897 827 4976 18‚2
851 4891 938 4960 ἀλλά
962 4890 1079 4976 χρόνωι
1101 4895 1268 4979 ζητοῦντες
1291 4892 1539 4980 ἐφευρίσκοασιν
1562 4893 1709 4976 ἄμεινον.

732 5003 785 5068 23.
